3870 6490
1492 929 2326 1229 Meyntz.
830 1397 1947 1525 Jß iſt die Haupt⸗Stadt
831 1517 1947 1630 deß Hochloͤblichſten Ertzbiſt⸗
836 1627 1948 1742 thumb / und Chur⸗Fuͤrſten⸗
841 1739 1948 1858 thumbs Meyntz / ſo von den
839 1850 1949 1971 Alten Maguntiacum, Mo-
151 1949 1949 2087 guntiacum, Mogontiacum, Maguntia,
151 2077 1950 2196 Magotia, Mogontia, Mongontiacum,
152 2186 1950 2310 Moguntiaco, Magontiaco, Maguntiacus,
152 2299 1951 2422 Moguntia, und alſo auch heutiges Tags ins
153 2409 1951 2530 gemein; Teutſch aber Meyntz / oder Mentz /
153 2525 1952 2650 Frantzoͤſiſch / Mayance, und Welſch Magon-
154 2629 1952 2756 za, oder Maguntiaco, genannt wird. Woher
154 2743 1953 2866 aber dieſer Nahm komme / ſeyn die Gelehrten
155 2858 1953 2978 nicht einerley Meynung. Theils bringen ihn
155 2974 1954 3088 von dem Fluß Mogano, Mogo, oder Mœno,
156 3074 1954 3203 Mayn: Rhenanus von Mago, ſo vor Alters
156 3196 1955 3309 ein Hauß geheiſſen / oder Heim / und dem
157 3300 1955 3422 Waͤſſerlein Cia, her / ſo jetzt durch die Stadt
157 3419 1956 3534 laufft / und bey dem Kloſter Alt⸗Muͦnſter in
158 3532 1956 3647 dieſelbe kommt / und auß ſolcher durch deß
158 3641 1957 3764 Schloſſes Graben / in den Rhein laufft / und
159 3758 1957 3871 auff teutſch Ombach genannt wird / auch noch
159 3867 1958 3989 ſeines alten Namens Merckzeichen in den be⸗
160 3976 1958 4097 nachbarten Doͤrffern behaͤlt: Deren eines Zal⸗
160 4094 1959 4205 bach auff der Cey / oder Ciebach / das ander
161 4197 1959 4321 Bretzenheim auf der Cey / genannt wird: Da⸗
161 4313 1960 4431 von eines alten Manns Sprichwort geweſen:
162 4414 1960 4544 Meyntz ligt gar nahe dabey. Andere haben
162 4536 1961 4653 andere Meynungen. Nicolaus Serarius, ſo
163 4643 1961 4769 fuͤnff Buͤcher von dieſer Stadt geſchrieben /
163 4755 1962 4879 wil ſolche Namen Mogoncia, oder Magun-
164 4871 1962 4987 ciacum, vonden drey Fluͤſſen / Ma, oder Mon,
164 4976 1963 5102 Gon, oder Gonzo, und beſagtem Cia, herfuͤh⸗
165 5093 1963 5211 ren / welche alle noch verhanden / und in den
165 5194 1964 5325 Rhein ſich ergieſſen: Daher das Dorff Mon⸗
166 5316 1964 5436 bach von dem Erſten / und das naͤchſte Dorff
166 5419 1965 5551 Gontzenheim von dem Andern / ſo bey Meyntz
167 5536 1965 5679 der Lobach genannt wird / den Namen haben.
167 5645 1966 5776 Von dem Erbauer dieſer Stadt / iſt man
167 5747 1966 5885 auch nicht einig. Etliche wollen / daß die Zau⸗
168 5871 1967 5997 berer von Trier 1362. Jahr vor Chriſti Ge⸗
168 5979 1967 6113 burt / ſeyen verjagt worden / deren Fuͤrſt Ne-
169 6095 1968 6257 quam geheiſſen / welcher dieſe Stadt angefan⸗
1961 1391 3651 1519 gen: Daher das Gedicht / Moguntia, ab anti-
1963 1514 3648 1631 quo Nequam, das iſt / Meyntz iſt von ſelbi⸗
1961 1628 3654 1745 gem alten Ertzzauberer Nequam erbauet. Ge⸗
1965 1739 3657 1859 dachter Serarius vermeynet / der Warheit die⸗
1966 1855 3655 1967 ſes am aͤhnlichſten zu ſeyn / wann man wil / daß
1965 1958 3693 2089 Meyntz von Claudio Druſo Germanico,
1958 2076 3743 2196 deß Kaͤyſers Auguſti Stieff⸗Sohn / und Kaͤy⸗
1958 2189 3657 2310 ſers Tiberii Brudern / deß Germanici Vat⸗
1941 2306 3655 2424 tern / etwan zehen Jahr / oder nicht viel eher / vor
1941 2406 3684 2531 Chriſti Geburt / erbauet worden ſey: Obwol
1946 2531 3654 2645 nicht geleugnet werden koͤnne / daß vielleicht
1946 2638 3650 2758 zuvor allhie ein Dorff / oder Flecken / geſtan⸗
1965 2752 3654 2874 den / und C. Julius Cæſar, das Kriegsvolck da
1964 2865 3654 2988 zu lagern / der Stadt eine Gelegenheit / und
1964 2976 3651 3100 gleichſam einen Anfang gegeben habe. Sie iſt
1963 3088 3655 3210 aber anfangs nicht gar zum Rhein erbauet
1968 3207 3652 3324 worden / und haͤlt man darfuͤr / daß ſie in einer
1967 3312 3653 3437 weiten Ebene / wo das Siechenhauß / und das
1965 3416 3679 3538 Kloſter der Nonnen unſer Frauen im Gnaden⸗
1970 3540 3650 3665 oder heiligen Thal iſt / erſtlich geſtanden ſeye.
1973 3645 3651 3775 Sie iſt folgends unterſchiedlich belaͤgert / zer⸗
1976 3758 3655 3890 ſtoͤret / und vewuͤſtet worden / wie unten geſagt
1975 3877 3651 3997 werden wird. Nach der Hunniſchen Nider⸗
1972 3980 3651 4112 lag / iſt ſie / von den Francken / inſonderheit aber
1974 4096 3650 4226 vom Koͤnig Dagoberto I. wieder gebeſſert /
1974 4213 3650 4340 und von dem alten Ort näher zum Rhein / da
1976 4316 3651 4456 ſie noch jetzt ſtehet / verſetzt worden. Sie hat
1974 4437 3650 4561 vorzeiten auch zum Teutſchland gehoͤret / und
1976 4539 3651 4679 ſich der teutſchen Spraach gebraucht / wie ge⸗
1978 4656 3647 4786 dachter Serarius cap. 10. & 11. lehret; wiewol
1962 4770 3647 4898 viel dieſe Stadt dem Franckreich zuſchreiben /
1962 4875 3647 5014 die er daſelbſt anziehet / und die Lobſpruͦch / ſo
1962 4986 3648 5127 ihr die Scribenten geben / in beſagtem zehenden
1962 5098 3646 5244 Capitel erzehlet / wie dann die Roͤmer allhie ih⸗
1962 5211 3641 5355 re Beſatzungen / und Obriſte / gehalten haben.
1962 5312 3645 5461 Der alte Hiſtoricus Radevvicus ſchreibet
1962 5435 3647 5583 lib. 1. c. 13. allbereit von ſeiner Zeit / daß Meyntz
1962 5550 3642 5691 ein groſſe und veſte Stadt an dem Rhein / und
1958 5662 3642 5796 auff der Seiten / da ſie denſelben hat / wol be⸗
1958 5776 3643 5908 wohnet / und volckreich: Und / auff der andern
1954 5889 3641 6030 Seiten / an Innwohnern faſt oͤde ſeye / habe
1954 6006 3642 6137 nur ein ſtarcke Mauer / daran nicht wenig
1950 6106 3641 6262 Thuͦrn ſtehen. Und dieſes ſagt Radevicus.
