3870 6490
1983 429 3622 560 auffgerichtet worden iſt: Wie Serarius cap.
1990 556 3620 669 15. p. 61. ſeqq. beweiſet / welcher Druſus, nicht
1982 665 3627 774 weit von Wißbaden / und ſelbiger Gegend / ſein
1981 775 3617 889 Leben ſolle beſchloſſen haben: Deſſen Coͤrper
1981 883 3623 1004 aber nicht in Teutſchland / wie etliche vermey⸗
1977 1000 3615 1107 nen / verblieben / ſondern ins Welſchland ge⸗
1978 1106 3618 1218 fuͤhret worden iſt. Von dieſem Eichelſtein
1978 1217 3614 1332 ſchreibet Voſſius de Latinis Hiſtoricis, pag.
1975 1331 3613 1438 431. auß Georgio Wicelio, unter anderm /
1972 1441 3611 1552 alſo: Moguntiæ mons S. Jacobi, olim ſpe-
1972 1548 3616 1664 cioſus appellatus eſt, haut procul a vetuſtis-
1972 1660 3619 1773 ſima, atque famoſiſſima pyramide, vulgò
1969 1771 3604 1883 dicta Eigelſtein; idque non à glande, ſed ab
1971 1878 3617 1997 Eigil, principe gentili; cujus combuſti cine-
1966 1995 3135 2077 res aſſervantur in hac columna.
2068 2095 3604 2211 In Erbauung beſagter Schantz / hat man
1962 2213 3606 2323 auch unter der Erden etliche Antiquiteten von
1963 2324 3598 2428 Saͤulen / darinn Bilder und Schrifften zu ſe⸗
1962 2437 3602 2542 hen / gefunden / wie beyſtehende Bildnuͦß auß⸗
1962 2543 3623 2651 weiſet / und allda zur Gedaͤchtnuͤß auffgerich⸗
1964 2655 3593 2763 tet worden. Es war auch vorzeiten ein Pyra-
1959 2763 3590 2872 mis, oder Thurngrab / allhie / Druſilacium,
1958 2865 3599 2984 oder Druſeloch / genannt / ſo aber nicht mehr
1959 2979 3605 3090 verhanden. Man findet auch bißweilen aller⸗
1960 3091 3607 3199 ley alte Muͤntzen in den Aeckern / Weinber⸗
1958 3205 3596 3313 gen / und am Rheingeſtad / und auch in dem
1958 3313 3597 3424 Flecken Caſſel / oder vielmehr Caſtel / (wo der
1958 3418 3597 3534 Mayn in den Rhein kom̄t / und daſelbſt Kaͤy⸗
1959 3533 3594 3639 ſer Trajanus, wie Freherus in Omiſſis ad
1957 3644 3596 3757 part. 2. Origin. Palat. ſchreibet / ein Caſtell
1956 3757 3647 3864 (Schantz / oder Beveſtigung) erbauet hat /)
1955 3859 3595 3972 ſonderlich in S. Georgen Kirchen. Man hat /
1954 3971 3590 4083 vor dem jetzigen teutſchen Krieg / ingleichem
1954 4081 3612 4194 gewieſen / zu Meyntz allerley Heiligthümer /
1953 4193 3591 4306 als das Haupt S. Albani, deß Prieſters / und
1953 4303 3595 4416 Maͤrtyrers allhie: Item / von S. Aureo dem
1953 4411 3595 4530 Biſchoff / und ſeiner Schweſter / der H. Ju⸗
1957 4523 3583 4630 ſtina: Von dem Maͤrtyrer S. Camerino:
1958 4631 3588 4741 Von S. Vincentio dem Leviten und Hiſpani⸗
1957 4745 3589 4860 ſchen Maͤrtyrer: Von S. Vincentia, und ih⸗
1958 4856 3592 4965 rer Tochter S. Innocentia, S. Severi, deß Bi⸗
1960 4963 3592 5080 ſchoffs zu Ravenn / Weibe / und Tochter:
1959 5074 3592 5191 Von S. Juſtino, dem Prieſter / ſo den H. Lau-
1956 5186 3598 5293 rentium, und andere Maͤrtyrer / begraben:
1959 5296 3590 5408 Und von S. Ferrutio, dem Meyntziſchen Rit⸗
1956 5407 3601 5526 ter / und Maͤrtyrer / ſo zu Bleidenſtadt begra⸗
1956 5511 3583 5639 ben ligt: Item / S. Stephani, deß erſten Maͤr⸗
1954 5618 3589 5751 tyrers Arm / deß Maͤrtyrers S. Veiten Fin⸗
1953 5735 3588 5864 ger: Der Raͤmerin S. Anaſtaſiæ Haupt: Ein
1953 5845 3586 5974 Theil von dem Tiſch deß HErrn Chriſti: Ein
1952 5959 3587 6087 Theil vom heiligen Creutz: S. Chryſoſtomi
1953 6062 3588 6203 Haupt: Das Haupt S. Mercurii deß Maͤrty⸗
291 423 1954 555 Es iſt dieſe Stadt ſehr lang / aber ſchmal / ſo
287 546 1954 665 alſo ſeyn muͤſſen. Dann auff der Seiten gegen
288 661 1953 774 Franckreich / hat ſie einen etwas erhoͤheten
289 767 1953 883 Berg: Auff der andern aber / da ſie gegen
286 880 1932 1001 Teutſchland ſiehet / den Rhein: Daher dann
284 991 1951 1106 gegen demſelben ſie mit ſtattlichen Kirchen /
284 1102 1951 1217 und Gebaͤuen / gezieret iſt / gegen dem Berg
283 1217 1950 1330 aber / Weingaͤrten / und dergleichen / hat. Es
283 1321 1949 1440 ſeyn allda enge Gaſſen / auſſer zwey oder drey /
282 1438 1948 1551 ſo etwas weit / und heutiges Tags zehen Thor /
279 1543 1948 1662 deren drey gegen Mittag / Abend / und Mitter⸗
280 1659 1947 1773 nacht: Als Eine / ſo man vor der alten Druſi
285 1766 1946 1885 porta haͤlt / und deren die innere Dieterichs⸗
278 1872 1945 1993 Pfort / die euſſere aber Wilhelmiter Pfort ge⸗
278 1989 1945 2104 nennet wird. Die andere / S. Sebaſtians /
277 2104 1944 2216 oder die Gaͤw⸗Pfort: Und die dritte / Alten⸗
276 2206 1943 2326 Muͤnſters Pfort. Die uͦbrige Sieben / ge⸗
274 2324 1943 2444 hen gegen Morgen zum Rhein / zu welchen
276 2430 1939 2546 man auch das Schloßthor thun koͤnte. Von
275 2539 1942 2662 beſagtem Morgen / etwas oberhalb der Vor⸗
276 2651 1942 2772 ſtatt Filsbach / kommt der Mayn in den Rhein.
276 2764 1942 2878 Und iſt ſolcher Rhein fuͦnffhundert Schritt
273 2873 1942 2989 breit / uͤber welchen Kaͤyſer Carl der Groſſe /
273 2982 1941 3108 zehen Jahr lang / mit groſſer Muͤhe und wun⸗
274 3095 1941 3210 derlicher Kunſt / eine Bruͤcken von Holtz alſo
274 3205 1941 3330 gebauet / daß es / als ob ſie ewig waͤhren ſolte /
270 3317 1940 3433 das Anſehen gehabt / die aber ein Jahr zuvor /
270 3428 1940 3552 ehe er / der Kaͤyſer geſtorben / durch unverſehe⸗
271 3539 1940 3654 nes Feuer / in drey Stunden / alſo verbrunnen /
267 3649 1939 3769 daß / auſſer dem / ſo unter dem Waſſer geſtan⸗
263 3759 1936 3876 den / nicht ein einiges Sprießlein uͤbrig geblie⸗
269 3869 1931 3990 ben iſt. Es iſt Meyntz vor Alters ein freye
267 3979 1933 4099 und Kaͤyſerliche Stadt geweſen: Die aber
266 4089 1937 4204 Anno 1462. durch Einfall ihres Ertzbiſchoffs /
265 4205 1938 4316 mit Gewalt eingenommen / die Buͦrger zum
261 4315 1936 4439 theil umbgebracht / zum theil ins Elend ver⸗
262 4421 1932 4548 jagt / das alte Regiment abgethan / und ſolche
264 4534 1933 4654 Stadt gaͤntzlich dem Chur⸗Fuͤrſten unterthaͤ⸗
263 4646 1933 4770 nig gemacht: Und damit ſie deſto beſſer im
262 4759 1935 4883 Zaum gehalten werden moͤchte / von ihme /
263 4869 1935 4995 nicht lang hernach / daſelbſt ein veſtes Schloß
263 4980 1935 5094 erbauet worden: Wie Wilhelmus Kyrian-
266 5095 1934 5204 der in Comment. de Auguſta Treverorum
263 5203 1933 5323 part. 17. fol. 225. ſchreibet. Jſt alſo dieſe
262 5316 1933 5434 Stadt heutiges Tags unter ihrem Ertzbi⸗
262 5425 1932 5544 ſchoff / welcher ihren / der Stadt / Reichs⸗An⸗
262 5534 1932 5653 ſchlag jetzt unter dem Seinigen vertritt. Es
262 5652 1930 5764 ſeyn allhie viel alte Sachen / und darunter das
262 5758 1931 5875 ſehr groſſe Gebaͤu / ſo an der veſten Schantz /
263 5872 1931 5985 worinnen S. Jacobs Kloſter ſtehet / zuſehen /
264 5983 1929 6097 das wegen der Form / der Eichelſtein genannt
265 6091 1931 6220 wird / und zu Ehren deß obgedachten Druſi
