3870 6490
260 417 1939 546 ſterzer Ordens. 3. Zu S. Agnes / auch Ci⸗
265 539 1943 657 ſterzer Ordens / auff dem Diebmarckt. 4. S.
266 647 1947 782 Magdalenaͤ / zun Weiſſen Frauen. 5. S.
265 758 1947 886 Claraͤ / deß Minor Ordens / nichtweit vom
271 871 1947 997 Flacksmarckt. 6. S. Franciſci, auſſer der
272 981 1946 1107 Stadt / zwiſchen der Stadt / und S. Victor.
269 1094 1946 1210 7. S. Nicomedis, ein ſehr alte Kirch / als wel⸗
272 1209 1944 1335 che vom neundten Biſchoff zu Meyntz / S.
271 1318 1943 1431 Gottharden erbauet worden / darinn aber kei⸗
271 1429 1944 1557 ne Nonnen mehr: Gleichwie auch 8. zu S.
272 1539 1943 1665 Georgen nur noch die Kirch ſtehet. So iſt in
267 1653 1943 1767 der groͤſſern Samlung / die durchs Feuer
278 1766 1944 1896 Schaden genommen / jetzt die Truckerey. I⸗
274 1879 1942 1989 tem / ſo iſt allhie ein ſtattliches Jeſuiter Colle-
280 1987 1952 2107 gium: Item 5. Spitaͤl / als zum H. Geiſt /
279 2099 1947 2218 S. Barbara / Alexio, S. Catharina in der
271 2209 1951 2331 Vorſtadt Filtzbach / und dann das Buͤrger⸗
277 2319 1952 2439 Spital / nahend S. Barbaraͤ Spital / zum
270 2429 1952 2548 Fluͤß genannt. Item / ſechtzehen Capellen.
272 2540 1952 2660 Es ſeyn aber in dieſem Teutſchen Krieg / bey
275 2651 1952 2763 Beveſtigung / Belaͤger⸗und Eroberung der
282 2759 1953 2882 Stadt / etliche Kirchen darauff gangen: Als
279 2874 1953 2991 S. Peter und andere: Wie dan̄ beſagte Vor⸗
282 2983 1953 3102 ſtatt Filtzbach / auch hat herhalten muͤſſen.
284 3094 1954 3213 Von Bibliothecis hat es allhier 3. Fuͤrneh⸗
286 3203 1954 3324 me / als im Dom / in S. Jacobs⸗Kloſter / und
280 3313 1955 3434 bey den Jeſuitern / gehabt. Und war in beſag⸗
288 3426 1954 3544 tem Dom / inſonderheit die Complutenſiſche
287 3538 1955 3656 Bibel / ſo man Biblia regia nennet / wegen deß
286 3648 1956 3767 ſehr ſchoͤnen und koͤſtlichen Bands / zu ſehen.
288 3748 1956 3877 Die hohe Schul allhie / iſt Anno 1477. vom
288 3868 1957 3986 Churfuͤrſt⸗und Ertzbiſchoffen Diethero ge⸗
293 3981 1958 4098 ſtifftet / und ſeyn in ſolche Anno 1562. auch die
296 4090 1958 4210 Jeſuiter / ſo das Jahr zuvor hieher kommen /
291 4199 1960 4317 eingenom̄en worden / wiewol auch zuvor ein
298 4314 1960 4420 gute Schul allhie geweſen: Wie dann vor⸗
299 4425 1943 4541 laͤngſten / un̄ auch nach Stifftung ſolcher ho⸗
293 4532 1939 4648 hen Schul / es viel gelehrter Leut allda geben /
295 4640 1947 4758 die an dieſem Ort gebohren worden / gelebt /
297 4756 1942 4869 und gelehret haben: Darunter geweſen Ma-
295 4859 1942 4977 rianus Scotus, Goſwinus, Rupertus Mona-
297 4975 1944 5090 chus, Johan̄es Gawer, Sifridus de Mogun-
300 5087 1951 5197 cia, Rudolphus de Rudesheim, Gerardus de
304 5195 1953 5306 Caſtris, Petrus Sorbillo, Joh. Dietenberger /
301 5301 1959 5424 ſo die teutſche Bibel verfertiget / Michaël,
301 5415 1954 5528 Heldingus, ſonſten Sidonius genannt / ſo das
299 5523 1954 5640 Interim (welches Serarius pag. 178. cap.
307 5635 1962 5753 40. hæreticas ſanctiones nennet) ſchmiden
308 5747 1963 5864 helffen / Georgius Wicelius, Sebaſtianus
326 5849 1967 5972 Munſterus, Otho Brunfelſius, Caſpar He-
325 5970 1968 6086 dio, Cornelius Loos Callidius, und viel an⸗
322 6077 1924 6208 dere mehr. So ſtreitet dieſe Stadt mit den
1965 445 3598 564 Staͤdten Straßburg / und Harlem / wegen
1961 556 3602 669 Erfindung der Buchdruckerey / davon Sera-
1961 672 3597 786 rius in vier Capituln handelt / und pag. 155.
1957 778 3590 894 ſeqq. daßſolche allhie erfunden worden ſeye /
1963 897 3596 1006 zu erweiſen / ſich unterſtehet / und daß das erſte
1962 996 3594 1113 Model noch allda verwahret werde / im 37.
1961 1108 3593 1222 Capitel / und am 159. Blat / ſaget. Es iſt aber
1959 1223 3599 1335 dieſes Stuͤck von uns in Typographia Alſa-
1958 1333 3595 1444 tiæ, in Beſchreibung der Stadt Straßburg /
1955 1442 3592 1554 wie auch von Martino Zeillero, in der Conti⸗
1953 1555 3590 1666 nuation ſeiner Raͤiß⸗Beſchreibung durch
1961 1664 3588 1776 Teutſchland / cap. 14. fol. 166. ſeq. in Be⸗
1938 1776 3585 1890 ſchreibung der Stadt Meyntz / und in der 38.
1937 1886 3592 2004 Epiſtel / des dritten Hunderts / weitlaͤufftig
1937 1997 3590 2111 tractiret worden / dahin wir uns Kuͤrtze hal⸗
1937 2109 3593 2220 ber / beziehen. Im uͤbrigen ſeyn von weltlichen
1938 2210 3590 2330 Gebaͤuen allhie / auſſer detz Schloſſes / oder
1940 2320 3590 2435 S. Martinsburg / der Cantzley / deß neuen
1941 2435 3623 2552 Baues / und deß Rahthauſes / wenig Fuͤrneh⸗
1943 2548 3595 2662 me / zuſehen. Und ſeyn der Buͤrger Häuſer
1945 2658 3594 2772 zwar groß / und weit / aber gar altfraͤnckiſch
1946 2770 3594 2880 gebauet. Beſagtes Schloß / in welchem der
1948 2875 3604 2996 Herr Churfuͤrſt Sommerszeiten pfleget Hof
1949 2986 3593 3101 zu halten / ligt zu unterſt an der Stadt / am
1951 3093 3599 3213 Rhein / gantz praͤchtig: Welches / nachdem es
1953 3205 3601 3318 Anno 1552. von Marggraf Albrechten von
1954 3317 3602 3430 Brandenburg mit Feuer angeſteckt / und zer⸗
1956 3425 3601 3543 ſtoͤret worden / Ertzbiſchoff Daniel herrlich
1958 3535 3603 3643 wieder erbauet hat. Es waͤchſt ein köſtlicher
1974 3643 3602 3747 Wein um die Stadt / welchen man fuͤr gar
1973 3755 3603 3868 geſund haͤlt. Und iſt auch ſonſten der Boden
1974 3865 3019 3985 herum fruchtbar / und luſtig.
2083 3972 3608 4092 Es habē ſich allhie viel denckwuͤrdige Sa⸗
1981 4085 3609 4200 chen zugetragen / deren wir nur etliche erzeh⸗
1982 4193 3610 4305 len wollen. Ums Jahr Chriſti 72. iſt dieſe
1969 4307 3611 4426 Stadt von Civili Batavo gepluͤndert / un ver⸗
1983 4417 3611 4528 wuͤſtet worden: Darauff von Barbariſchen
1982 4527 3610 4641 Voͤlckern / deren Marcellinus gedenckt / der⸗
1986 4636 3612 4756 gleichen geſchehen: Item / von den Francken /
1987 4749 3616 4856 davon Trithemius in vita S. Maximi zule⸗
1991 4855 3623 4976 ſen. Ferners haben ſie die Vandaler unter ih⸗
1988 4968 3622 5079 rem Koͤnig Caroco, An. 410. und folgends
1994 5076 3619 5188 Rando, ein Teutſcher Herr / auch zerſtoͤret /
1995 5190 3621 5304 davon ingleichem beym Marcellino zu ſehen.
1998 5290 3620 5416 Von den Hunnen und ihrem Koͤnig Attila,
1998 5409 3626 5534 hat dieſer Ort gleiches erfahren. Venantius
1998 5515 3629 5639 Fortunatus gedencket auch einer Zerſtörung.
2004 5628 3631 5743 Anno 872. iſt dieſe Stadt durch Erdbidem
2002 5739 3636 5863 zu Grund gangen. Anno 893. hat ſie Kaͤy⸗
1992 5849 3640 5974 ſer Arnolphus belaͤgert / und erobert. Kaͤiſer
1993 5962 3643 6088 Otho der Erſte / hat ſie auch lang belaͤgert /
1995 6073 3642 6193 aber nicht erobert. Anno 1081. iſt ſie meiſten⸗
