3870 6490
274 405 1903 522 theils in Feuer auffgangen; auch Anno 1137.
274 510 1905 630 mit dem groͤſſern Muͤnſter verbronnen. An.
273 612 1907 740 1163. iſt ſie vom Kaͤiſer Friderico Barbaroſſa
279 736 1909 853 zerſtoͤret worden; wiewol theils ſolches ſeinem
273 842 1911 961 Vatter / Hertzog Friderichen in Schwaben /
278 958 1914 1081 zugeſchrieben; vom welchem allem / viel ge⸗
285 1070 1915 1184 dachter Serarius cap. 8. Rerum Mogun. zu
281 1181 1917 1295 leſen. An. 1329. als die von Meyntz den Chur⸗
287 1295 1919 1406 fuͤrſt Balduin von Trier zu einē Pfleger die⸗
293 1406 1921 1521 ſer Kirchen / nit wolten annehmen; ſo iſt ihnen
295 1519 1923 1633 von ihme groſſer Schad zugefuͤget worden;
283 1632 1924 1742 biß Er ſie bezwungen hat; wie deſſen Kyrian-
299 1739 1926 1854 der in ſeiner Trieriſ. Chronick part. 15. fol 185.
307 1848 1928 1964 Bericht thut. An 1389. ward offenbar / daß
247 1963 1930 2078 man zu Meyntz mehr dann 600. Jahr / oder
305 2074 1933 2197 laͤnger / heimlich geglaubt / daß man nimmer
296 2186 1935 2301 nicht andere Heiligen anruffen ſolte / dann ſie
290 2300 1921 2416 beteten vor niemand: Item / ſie hielten / daß
293 2409 1938 2518 zween Weg waͤren / wann ein Menſch geſtor⸗
287 2518 1940 2630 ben waͤr / ſo führe er gen Himmel / oder in die
296 2627 1942 2740 Hoͤll: Item / hielten ſie in ihren Sitten / daß
301 2740 1944 2845 ein purer Laye moͤchte alſo wol conſecriren /
312 2845 1946 2962 als ein Pfaff: Item / ſie hielten / daß der Bi⸗
307 2957 1947 3067 ſchoff / oder der Pabſt / kein Ablaß moͤchten
314 3062 1949 3180 geben: Item / hielten ſie / daß das Gebot / All⸗
309 3171 1951 3292 moſen geben / Meſſen / und Faſten / das huͤlffe
309 3291 1953 3401 alles nichts die Seelen / denen man das nach
254 3399 1955 3516 thaͤte; ſtehet in der Limpurgiſchen Chronick
307 3512 1956 3619 am 45. und folgenden Blat. Anno 1462. als
320 3619 1957 3739 Adolph / Graff von Naſſau / von dem Pabſt
315 3728 1959 3848 Pio II. wider den Ertzbiſchoff Dieterum von
320 3840 1963 3956 Eiſenburg / erwählet wordē / hat er die Stadt
334 3944 1966 4066 bey Nachts / den 27. Oct. ein⸗ und ihr die
320 4059 1969 4177 Freyheit genommen / und ſie / wie auch oben
340 4173 1970 4283 geſagt worden / aus einer Reichs⸗ zu einer
319 4276 1974 4387 Fuͤrſten Stadt gemacht: und ſollen der Buͤr⸗
321 4390 1977 4507 ger damaln auff die 500. blieben ſeyn; Da⸗
345 4504 1979 4615 von / unter andern / auch Bruſchius cap. 2. de
347 4604 1982 4722 Epiſc. German. cap 19. und die Speyeriſ.
346 4713 1985 4839 Chronic Lehmani lib. 7 cap. 107. zu ſehen:
353 4824 1988 4950 Da vorhin / von der Roͤmer Zeit an / allweg
339 4939 1990 5060 allhie ein Hertzog ſich / im Namē des Reichs /
351 5045 1993 5169 auffgehalten / biß ſolche Wuͤrde abkommen /
354 5157 1996 5273 und die Stadt ſonſten durch die Kaͤiſer regie⸗
359 5268 1998 5388 ret worden iſt. Anno 1552. hat Marggraf Al⸗
364 5380 2001 5498 brecht von Brandenburg / wie auch oben all⸗
369 5486 2004 5613 bereit Anregung geſchehen / ſich an dieſe
374 5593 2007 5721 Stadt gemacht / und die Kirchen S. Victoris,
376 5705 2009 5834 Albani, heilige Creutz / und die gantze Car⸗
382 5818 2012 5942 thauß verbrennt; ſo noch Anno 1604. nur
384 5926 2015 6053 das alte groſſe Gemaͤuer gehabt haben / und
383 6039 2017 6171 nicht gebeſſert worden ſeyn. Anno 1631. den
1900 373 3573 513 13. Decembris, nahm dieſe Stadt der Koͤnig
1901 480 3575 615 aus Schweden / Guſtaphus Adolphus, mit
1902 586 3572 734 Accord ein; da dan̄ ſolche zuvor / und hernach /
1905 714 3573 837 mit Schantzen / und ſonſten / auch zweyen
1906 827 3572 963 Schiffbruͤcken / wol verſehen worden / deren
1909 926 3572 1073 eine uͤber den Rhein zu dem Flecken Caſſel /
1911 1049 3581 1185 und eine uͤber den Mayn bey Coſtheim / gien⸗
1913 1157 3581 1297 ge. Und iſt auch an dem Ort / wo der Mayn in
1916 1255 3579 1407 den Rhein kom̄t / die neue Veſtung Guſta⸗
1918 1387 3583 1524 vusburg / auff gemelten Koͤnigs Befehl / zu
1920 1500 3583 1631 erbauen angefangen / und daſelbſten viel alte
1922 1614 3587 1740 Gemaͤuer / von Romaniſchen Gebaͤuen und
1924 1730 3584 1852 Bildern unter der Erden gefunden / deren et⸗
1927 1836 3586 1972 liche Stein an die Pforten daſelbſten verſetzt
1930 1948 3593 2068 worden: Folgends vom Schwediſchen
1932 2051 3593 2197 Reichs⸗Cantzler / Axel Oxenſtirn / ꝛc. befrey⸗
1933 2177 3594 2295 et; Aber Anno 1635. den 18. Sept. von den
1935 2283 3583 2420 Schwediſchen verlaſſen / die Stuͤck / und Mu-
1939 2405 3591 2521 nition hinweg gefuͤhret; und hernach von den
1940 2513 3599 2628 Kaͤiſerl. eingenommen / und beſetzt worden;
1943 2617 3596 2745 Wiewol ſolchē Ort die in der Stadt Meyntz
1947 2731 3603 2855 ligende Schwediſche Beſatzung / den 2. Sept.
1947 2848 3607 2955 alten Calenders / dieſes 35. Jahrs / wieder
1951 2958 3599 3080 uͤberfallen / und das / ſo ſie nicht hinweg brin⸗
1952 3063 3604 3180 gen koͤnnen / verbrennt haben. Es ward auch
1967 3172 3605 3300 damahls in der Stadt Meyntz / eine Conſpi-
1967 3290 3609 3404 ration wider die Schwediſchen entdeckt / und
1969 3407 3608 3520 die Raͤdlinsführer geſtraffet. Hernach ward
1971 3515 3612 3630 die Stadt bloquirt gehalten / auch endlich
1970 3633 3613 3737 belagert; aber als ſich Hertzog Bernhard von
1978 3736 3607 3844 Sachſen⸗Weymar / mit dem Entſatz genaͤ⸗
1974 3850 3610 3965 hert / die Belagerung / den 26. Julii wieder
1980 3959 3613 4072 auffgehaben. Gleichwohl accordirten end⸗
1988 4068 3624 4176 lich die Schwediſchen mit den Kaͤiſerl. den
1975 4179 3625 4296 7. Dec. wegen allerhand Mangels / und uͤ⸗
1977 4289 3627 4404 bergaben dieſe die Stadt / nachdem allda et⸗
1979 4400 3628 4516 lich hundert Haͤuſer und ſchoͤne Gebaͤu nie⸗
1981 4511 3630 4620 dergeriſſen worden. Es verſprach auch der
1983 4618 3633 4737 Schwediſche Oberſter Hohendorff zugleich
1985 4730 3638 4850 Bingen / Ehrenfelß und Lohnſtein abzutret⸗
1987 4848 3640 4958 ten; aber die zu Lohnſtein wolten nicht abzie⸗
1989 4953 3636 5067 hen / ſondern erklaͤrten ſich Frantzoͤſiſch. Von
1992 5065 3644 5180 dieſer Zeit an hat der Hr. Churfuͤrſt die Stadt
1994 5165 3649 5288 Meyntz wieder beſeſſen / biß An. 1644. den 16.
1997 5288 3654 5400 Sept. ſolche von den Frantzoſen unter dem
2000 5396 3648 5512 Duc d' Enguien, mit Accord eingenommen
2001 5505 3650 5619 und beſetzt worden; und ward in ſolchem Ac-
2003 5615 3653 5730 cord auch die Herꝛlichkeit Ulm / und Al⸗
2006 5719 3665 5857 gesheim / das Land Rheingau / die Stadt /
2008 5842 3656 5956 Schloß / und die Herꝛlichkeit Bingen ſam̄t
2010 5948 3656 6075 den Dorffſchafften Hochheim / Floͤrſchheim /
2012 6063 3661 6194 und andern Oertern / ſo dem Capitel ge⸗
