3870 6490
207 429 1969 555 hoͤrig / mit eingeſchloſſen. Anno 1647. ge⸗
208 542 1969 664 ſchah von den Kaͤyſeriſchen ein vergeblicher
208 654 1970 781 Anſchlag auff Meyntz. Als hernach der Ge-
209 767 1970 888 neral⸗Reichs⸗Frieden gemacht worden / ſo
209 878 1971 1001 traten die Frantzoſen dem Herrn Churfuͤrſten
210 991 1971 1111 auch dieſe Stadt wieder ab. Bey dieſem je⸗
210 1098 1972 1218 tzigen Krieg haben ſich Ihre Churfuͤrſtliche
211 1209 1972 1323 Gnaden / umb die gute affection gegen Ihre
211 1316 1973 1441 Roͤm. Kaͤyſerl. Majeſtaͤt und das Reich zu
212 1428 1973 1554 bezeugen / mit der Kaͤyſerlichen Generalitaͤt
212 1536 1974 1655 verglichen / 1600. Mann zu Fuß / und 400. zu
213 1651 1974 1774 Pferd einzunehmen / welche dan̄ den 23. Apri-
213 1755 1975 1874 lis dieſes 1675. Jahrs / in Meyntz eingezogen.
214 1866 1975 1984 Man zehlet auſſer andereꝛ groſſen Zuſammen⸗
214 1978 1976 2098 kuͤnfften / ſo allhie angeſtellet worden / allein
215 2089 1976 2209 drey und zwantzig Concilia, darunter gleich⸗
215 2189 1977 2311 wol eines zu Tribur / darinn der Ertzbiſchoff
216 2307 1977 2427 Hatto von Meyntz præſidirt hat; und eines /
216 2410 1978 2539 ſo zu Selingſtatt gehalten worden / geweſt;
217 2524 1978 2667 welcher letzte Ort aber heutiges Tags auch
217 2635 808 2752 Meyntziſch iſt.
218 2700 1979 2864 Was zum Beſchluß das Biſthumb all⸗
218 2852 1979 2981 hie anbelangt / ſo hat ſolches Anno Chriſti 80.
219 2960 1980 3081 angefangen / und war der erſte Biſchoff / und
219 3072 1980 3194 Maͤrtyrer S. Creſcens, deß heiligen Pauli
219 3182 1981 3304 Lehrjuͤnger / ſo bey 22. oder 23. Jahr allhie ge⸗
220 3293 1981 3414 lehrt / und Anfangs in S. Hilarii, nachgehends
220 3400 1982 3521 S. Albani Kirch begraben worden iſt. Ihme
221 3512 1982 3630 haben gefolget S. Marinus, S. Creſcentius,
221 3610 1983 3740 S. Cyriacus, S. Hilarius der Maͤrtyrer / B.
222 3720 1983 3855 Martinus, S. Celſus Maͤrtyrer / S. Lucius, S.
222 3840 1984 3958 Gothardus, S. Sophronius, S. Herigerus
223 3948 1984 4071 der Maͤrtyrer / S. Rutherus, auch ein Maͤrty⸗
223 4054 1985 4177 rer / S. Avitus, S. lgnatius der Maͤrtyrer / S.
224 4161 1985 4295 Dionyſius, S. Ruthbertus, S. Adelhardus, S.
224 4279 1986 4395 Lucius Annæus Romanus, den die Arrianer
225 4387 1986 4511 Anno Chriſti 343. umbgebracht haben ſollen /
225 4499 1987 4626 S. Maximus, Sidonius I. Sigiſmundus, Lu-
226 4603 1987 4735 poldus, Nicetius, Marianus, S. Aureus Maͤr⸗
226 4722 1988 4845 tyrer / Eutropius, Adalbertus, Radherius,
227 4831 1988 4955 Adelbaldus, Laudfridus, Ruthardus, Sido-
227 4938 1989 5064 nius II. Wilebertus, Ludegaſtus, Rudhel-
228 5051 1989 5175 mus, Luthvvaldus, Leovvaldus, Richber-
228 5161 1990 5278 tus, Geroldus, ſo der XXXIX. unter Carolo
229 5269 1990 5393 Martello, und Carlomanno, geweſen / und
229 5382 1990 5501 von den Sachſen in der Schlacht umbge⸗
230 5494 1991 5615 bracht worden iſt. Ihme hat ſuccedirt ſein
230 5606 1991 5723 Sohn Gervilio, (den Brouuerus lib. 1. Antiq.
230 5712 1992 5839 Fuldenſ. cap. 3. p. 11. Gevvilebum, und Ge-
231 5822 1992 5943 vviliebum, nennet) der XL. Biſchoff / wel⸗
231 5930 1993 6058 chen / und ſeinen Vatter / G. Bruſchius, und
232 6047 1994 6191 andere / auch zum Biſchoff zu Wormbs ma⸗
1957 444 3700 581 chen; wiewol Serarius darwider iſt. Dieſer
1960 549 3698 686 Gervilio hat ſeines Vattern Tod verraͤhteri⸗
1960 653 3696 798 ſcher Weiſe gerochen; Daher er vom Biſt⸗
1961 769 3694 911 thumb abgeſetzt / und ihme S. Bonifacius nach⸗
1955 884 3693 1012 geordnet worden. Es hat aber er Gervilio
1956 990 3691 1124 hernach noch 14. Jahr ehrlich von der Pfruͤnd
1954 1100 3689 1243 gelebt / die man ihme gemacht / und iſt endlich
1956 1208 3687 1345 wol abgeſchieden / wie die Verß lauten / die ge⸗
1933 1323 3686 1480 dachter Serarius lib. 2. c. 20. Rer. Mogunt.
1932 1425 2280 1534 ſetzet:
1933 1531 3683 1682 Patrius affectus me movit ad arma cruenta,
1933 1638 3681 1787 Pœnam, quam merui, dignius ergo tuli,
1934 1760 3679 1899 In clauſtro latui pro crimine tempore vitæ,
1934 1865 3677 1994 At licet hîc lateam, ſpero ſalutis opem.
1951 1974 3676 2107 Unter welchem Ertzbiſchoff nun dieſe oberzehl⸗
1952 2083 3674 2216 te Meyntziſche Biſchoͤffe geweſt ſeyen / dem
1949 2196 3673 2324 von Trier / Coͤlln / oder Wormbs? Iſt die
1951 2301 3671 2432 Frag. Dem von Wormbs unterwerffen ſie
1936 2415 3669 2543 alle / die von den Biſchoͤffen zu Meyntz / und
1936 2518 3668 2653 Wormbs geſchrieben haben / und auß denſel⸗
1936 2633 3666 2761 ben auch beſagter Bruſchius: Und ſagt Marq.
1936 2740 3664 2865 Freherus part. 2. Origin. Palatin. cap. 13. fol.
1937 2847 3663 2978 68. ſeq. daß es wol zu mercken / daß ein ſolche
1937 2960 3661 3084 gewaltige Stadt / nemblich Meyntz / dem
1937 3059 3659 3192 Wormbſer Gaͤu zugerechnet worden / und
1938 3181 3658 3305 demſelben unterthan geweſt ſeye. Dann auch
1938 3289 3656 3411 das Wormbſiſch Ertzbiſthumb viel aͤlter / und
1938 3399 3654 3517 groͤſſer / und wegen Vorzugs ſeiner Haupt⸗
1939 3506 3653 3630 Stadt / ſo ſelbiger Zeit der Koͤnigliche Sitz /
1939 3621 3651 3732 andern an Hochheit vorgangen / und das
1939 3716 3649 3845 Meyntziſche Biſthumb / unter demſelben / biß
1940 3834 3648 3953 auff das Jahr Chriſti 729. geweſt; da unter
1940 3943 3646 4060 Koͤnig Pipino, und Pabſt Gregorio III. umb⸗
1940 4043 3644 4175 kehrter Weiſe Meyntz erhoͤcht / und Wormbs /
1940 4161 3643 4279 auß Verſchulden ihres Biſchoffs Gervilio-
1941 4278 3641 4390 nis, geniedriget worden ſeye. Es fraget aber
1941 4386 3639 4502 dickgedachter Serarius lib. 1. cap. 21. Ob auch
1941 4488 3638 4611 jemands einen Ertzbiſchoff zu Wormbs / bey
1942 4605 3636 4717 den aͤltern Scribenten / geleſen habe? Es wer⸗
1942 4712 3634 4827 de / ſagt er / gedachter Gervilio, in dem Leben
1942 4820 3633 4940 deß heiligen Bonifacii, nie ein Biſchoff zu
1943 4918 3631 5047 Wormbs / ſondern nur zu Meyntz genannt.
1943 5040 3629 5162 Und geſetzt / daß er auch Biſchoff zu Worms
1945 5154 3628 5267 geweſen: Warumb iſt dann / fragt er weiter /
1948 5258 3626 5374 vielmehr Wormbs / als Meyntz / geſtrafft
1969 5369 3624 5484 worden? Warumb iſt Wormbs ihre Wuͤrde
1964 5483 3623 5593 entzogen; Meyntz aber nicht allein nicht ge⸗
1958 5593 3621 5701 nommen / ſondern auch dieſelbe vermehret / hoͤ⸗
1959 5697 3619 5815 her / und fuͤrtrefflicher gemacht worden? Dan̄
1963 5809 3618 5928 deß beſagten Gervilionis Succeſſor, der heili⸗
1974 5920 3616 6039 ge Bonifacius, ſo der Teutſchen Apoſtel ge⸗
1976 6031 3614 6152 nannt wird / nicht nur Biſchoff / ſondern ein
