3870 6490
1863 428 3689 555 dus, Kaͤyſers Henrici IV. Feind; Deme
1864 548 3690 672 Wetzilo,Wizilo, oder Wentzelinus; Die⸗
1865 661 3691 782 ſem Ruthardus; Ferners Adelbertus, oder
1866 773 3691 894 Albertus I. oder der Aelter / ſo Anno 1137. ge⸗
1866 874 3692 1009 ſtorben; Deme Adelbertus, oder Albertus II.
1867 990 3693 1119 oder der Juͤnger; Dieſem Marcolphus; De⸗
1868 1105 3693 1231 me Henricus I. Dieſem Arnoldus, ſo Anno
1868 1213 3694 1338 1160. von den Mayntzern in S. Jacobs⸗Klo⸗
1869 1326 3695 1452 ſter getoͤdtet / das Kloſter verbrennt / und ge⸗
1870 1437 3696 1560 pluͤndert worden; ſo aber hernach Anno 1163.
1871 1545 3696 1673 Kaͤyſer Fridericus Barbaroſſa gerochen / und
1871 1658 3697 1781 ſeyn die Stadtmauren erſt Anno 1200. wie⸗
1872 1766 3698 1889 der gemacht worden. Dieſem Arnoldo, ſo
1873 1870 3698 1994 der LXIX. Biſchoff / und XXIX. Ertzbi⸗
1873 1987 3699 2110 ſchoff geweſen / und deſſenwegen / das obge⸗
1874 2095 3700 2220 dachte von pur lauterm Gold gemachte Creutz /
1875 2209 3701 2329 und der unermeßliche Schatz / von hinnen hin⸗
1876 2317 3701 2440 weg kommen ſeyn ſolle / hat ſuccedirt Conra-
1876 2426 3702 2548 dus I. der aber abgeſetzt worden; und iſt an ſei⸗
1877 2533 3703 2659 ne ſtatt kommen Chriſtianus I. ein gelehrter /
1878 2650 3703 2764 und vieler Spraachen Kuͤndiger / und dem ge⸗
1879 2751 3704 2873 dachten Kaͤyſer Friderico gar lieber Biſchoff /
1879 2866 3705 2985 der zugleich auch ein guter Soldat geweſen /
1880 2970 3706 3090 und Anno 1180. in Italia geſtorben iſt. An
1881 3088 3706 3204 deſſen Stell kam der vorhin abgeſetzte Conra-
1881 3193 3707 3307 dus wieder / der ſein Leben Anno 1200. geendet.
1882 3298 3708 3433 Ihme ſuccedirte Sigefridus II. oder der Aelte⸗
1883 3417 3709 3534 re / ein Freyherr von Eppenſtein / wider den Lu-
1884 3525 3709 3639 poldus, Biſchoff von Wormbs / erwehlet wor⸗
1884 3633 3710 3746 den / nach deſſen Tod beſagter Sigefridus, voͤl⸗
1885 3736 3711 3870 lig ſuccedirt hat / und Anno 1225. geſtorben iſt.
1886 3854 3711 3969 Auff dieſen kam Sigefridus III. oder der Juͤn⸗
1886 3959 3712 4077 gere / Und auff ſolchen Chriſtianus II. auff
1887 4068 3713 4184 den Gerhardus I. und auff den Wernerus, zu
1888 4176 3714 4295 deſſen Zeit die Juden zu Meyntz erſchlagen /
1889 4292 3714 4403 und die uͤbrige von dannen Anno 1282. vertrie⸗
1889 4401 3715 4514 ben worden ſeyn. Ihme Wernero hat ſuc⸗
1890 4511 3716 4621 cedirt Henricus II. eines Becken⸗ oder
1891 4611 3716 4734 Schmids Sohn / von Ißny auß dem Algaͤw /
1891 4727 3717 4843 zugenannt Knoderer / oder Guͤrtelknopff / weil
1892 4836 3718 4953 er Franciſcaner Ordens / auch zuvor Biſchoff
1893 4949 3719 5064 zu Baſel / und deß Himmelslauff wol erfahren
1894 5056 3719 5174 geweſen / Daher man ihn unrecht der ſchwar⸗
1894 5168 3720 5281 tzen Kunſt bezuͦchtiget / wiewol er mehr den
1895 5271 3721 5391 Edelleuten / oder Soldaten / als den Geiſtli⸗
1896 5387 3721 5503 chen / Ehr erzeiget / Daher einer auß ihnen die⸗
1896 5490 3722 5648 ſe Reimen / wie gedachter Serarius lib. 5. pag.
1897 5607 3521 5724 846. ſchreibt / von ihme gemacht hat:
1898 5693 3724 5852 Nudipes Antiſtes non curat Clerus ubi ſtes,
2123 5830 3698 5946 Si non in cœlis, ſtes ubicunque velis.
1899 5905 3725 6057 Er iſt geſtorben Anno 1288. und hat ihme
1900 6003 3726 6175 Gerhardus II. oder Gebhardus ſuccedirt /
227 438 1877 581 Ertzbiſchoff / und der Erſte in dieſer Wuͤrde zu
230 563 1879 691 Meyntz geweſen / der ſein Ampt ſechs und
234 667 1885 800 dreyſſig Jahr / ſechs Monat / und ſechs Tag
235 784 1887 900 verwaltet / und endlich den Tod / mit ſeinen
239 889 1893 1014 Geſellen / an dem Ort / wo jetzt die Stadt Doc⸗
242 1009 1899 1127 cum in Frießland ligt / Anno Chriſti 755. ge⸗
244 1110 1895 1238 lidten hat. Ihme haben folgende Ertzbiſchoͤf⸗
245 1224 1902 1357 fe ſuccedirt / als B. Lullus, Richolphus, Hai-
251 1342 1904 1460 ſtulphus, Otgarius, Rabanus Maurus zu
239 1449 1904 1568 Fulda gebohren / daſelbſt er auch Abbt gewe⸗
258 1552 1908 1675 ſen / viel geſchrieben hat / und Anno Chriſti
257 1665 1914 1790 856. geſtorben iſt; Carolus, Lindbertus, oder
254 1779 1916 1889 Ludibertus, (an welchen Otfridus, der
270 1884 1913 2002 Moͤnch von Weiſſenburg / ſein Evangeliſch
271 1990 1919 2111 Buch geſchrieben) Sunzo, oder Sunderoldus,
259 2101 1942 2220 Hatto der Erſte / (der den Graffen von Bam⸗
275 2209 1945 2331 berg verraͤhteriſcher Weiſe umb ſein Leben ge⸗
257 2315 1948 2440 bracht hat / und Anno 912. geſtorben iſt / und
255 2429 1949 2546 von deſſen Tod unterſchiedliche Meynungen
262 2547 1954 2655 ſeyn / ſo beym beſagten Serario lib. 4. p. 673.
267 2643 1957 2770 zu leſen /) Herigerus, Hiltibertus, oder Hil-
287 2754 1958 2865 debertus, Fridericus, Wilhelmus Kaͤyſers
274 2857 1960 2984 Othonis I. Sohn / Hatto der Ander deß Na⸗
269 2973 1943 3101 mens / in der Ordnung aber der LV. Biſchoff /
288 3082 1941 3199 und XV. Ertzbiſchoff / ſo vorhin Abbt zu Ful⸗
294 3191 1944 3313 da geweſen / hernach Anno 968. Ertzbiſchoff zu
272 3304 1947 3420 Meyntz worden / und Anno 969. geſtorben iſt /
299 3411 1967 3533 als er nur eilff Monat regiert hatte. Von die⸗
267 3518 1969 3639 ſem wird geſchrieben / daß er von den Maͤuſen
272 3628 1970 3752 gefreſſen worden; welches aber vielernannter
277 3737 1971 3854 Serarius am 696. und folgenden Blaͤttern / zu
297 3850 1973 3964 widerlegen ſich unterſtehet. Ihme hat ſucce⸗
304 3954 1974 4074 dirt Rupertus, und dieſem Willigiſus, der
309 4063 1976 4182 LVII. Biſchoff / und XVII. Ertzbiſchoff / den
295 4173 1977 4288 man zum erſten Churfuͤrſten machen thut / ſo
298 4285 1979 4402 Anno 977. Ertzbiſchoff worden / und Anno
287 4393 1980 4507 1011. geſtorben iſt; und den alle Scribenten
311 4502 1982 4615 für einen Sachſen / auß dem Dorff Stro⸗
294 4611 1983 4725 mingen / vor Schoͤningen (al. von Schoͤne⸗
317 4720 1984 4834 burg) und vor eines Radmachers / oder Wag⸗
293 4834 1985 4945 ners / Sohn halten; welcher hin und wieder in
297 4945 1970 5048 den Haͤuſern / und an den Waͤnden / Raͤder ge⸗
312 5049 1989 5160 mahlet / und eingehauen: in dem innern Ge⸗
320 5158 1991 5297 mach aber auch dieſen Pentametrum, oder
295 5267 888 5380 Verſicul:
297 5342 1993 5496 Willigis recolas, quis es, & unde venis!
324 5491 1995 5603 auffgezeichnet hat. Ihme iſt gefolget Ercken-
305 5598 1996 5714 boldus, oder Herimboldus. Dieſem Aribo,
302 5709 1998 5822 Erbo, Eribo, oder Abbo, ſo Anno 1031. ge⸗
303 5816 1999 5930 ſtorben. Dieſem B. Bardo, genannt Chry-
298 5924 2000 6040 ſoſtomus; Luidboldus, Leopoldus, oder Lu-
313 6030 1975 6150 poldus; Dieſem Sigefridus, oder Seuffri-
