3870 6490
253 404 1945 531 welcher die Kaͤyſer Adolphum, und Aber-
254 527 1944 642 tum, erwehlet hat. Auff dieſen iſt gefolget
249 637 1943 748 Petrus, welchem Koͤnig Johannes in Boͤ⸗
247 744 1942 865 heim / wie oben geſagt / den guͤldenen Seſſel ſol⸗
244 859 1940 974 le geſchenckt haben. Ihme hat ſuccedirt Mat⸗
243 972 1939 1090 thias / ſo Anno 1328. geſtorben / und gar keuſch
240 1077 1937 1198 geweſen iſt. Dieſem Henricus III. deme Ger-
240 1192 1936 1308 lacus Anno 1446. in welchem Jahr ein ſolcher
240 1302 1935 1417 duͤrrer Sommer geweſen / daß ein Knab von
238 1412 1933 1527 zehen Jahren / ſo wol allhie zu Meyntz / als in
236 1524 1932 1639 der Nachbarſchafft / zu Fuß durch den Rhein
234 1637 1931 1752 gehen konte. Beſagtem Gerlaco folgete Jo-
235 1744 1929 1859 han̄es I. dieſem Adolphus I. und dieſem Con-
231 1856 1928 1971 radus II. dieſem Johannes II. ſo Anno 1419.
233 1965 1926 2076 geſtorben. Ihme hat ſuccedirt Conradus
234 2074 1925 2184 III. dieſem Theodoricus, der Anno 1459. die⸗
234 2179 1924 2296 ſe Welt geſegnet hat. Auff den gefolget iſt
230 2295 1923 2403 Dieterus, oder der Juͤngere Theodericus,
233 2400 1923 2512 Graff von Iſenburg⸗Buͤdingen / wider wel⸗
231 2506 1923 2626 chen der Pabſt Pius II. Adolphum II. Graf⸗
230 2615 1924 2736 fen von Naſſau⸗Wißbaden / geordnet. Es
232 2732 1924 2844 ſchreibet Bruſchius cap. 2. de Epiſcopat. Ger-
231 2836 1924 2957 man. p. 19. daß ſolche Uneinigkeit die Stadt
229 2949 1924 3065 Mayntz / in zwantzig hundert tauſend Guͤlden
233 3058 1924 3170 Schaden gebracht habe. Und iſt oben allbe⸗
227 3169 1924 3277 reit vermeldet worden / wie es damaln in Anno
238 3277 1924 3396 1462. allhie hergangen. Endlich / iſt die Sach
223 3389 1924 3503 verglichen / Adolphus Ertzbiſchoff blieben /
225 3495 1920 3608 und Diethero auff ſein Lebenlang die Stadt
225 3607 1922 3718 Lonſtein / ſam̄t dem Schloß / und Zoll; wie
224 3716 1924 3831 auch Steinheim / und Diepurg / gelaſſen wor⸗
224 3822 1920 3939 den. Nach beſagten Adolphi Tod aber in An.
229 3936 1920 4054 1457. iſt gedachter Dietherus wider Ertzbi⸗
213 4048 1924 4163 ſchoff worden / und Anno 1482. geſtorben / als
214 4152 1923 4272 er zuvor / zu Ende der Stadt Meyntz / von
220 4267 1924 4380 neuem das Schloß erbauet / ſo Er S. Martini
215 4374 1924 4499 genannt haben wollen: Aber es iſt daſſelbe /
220 4485 1924 4613 durch ein gaͤhe Brunſt / umb Mitnacht / Anno
219 4600 1924 4716 1481. gaͤntzlich verbronnen; welches er aber al⸗
217 4713 1923 4827 ſobald von ſtaͤrckern Steinwerck wieder zu er⸗
220 4824 1923 4938 bauen vorgenommen / der auch am erſten allhie
222 4926 1923 5049 ein Hohe Schul eingefuͤhret hat. Und Anno
222 5044 1923 5161 1480. wurde allhier ein Thurnier gehalten.
214 5153 1923 5267 Ihme Diethero hat ſuccedirt Albertus oder
225 5260 1923 5381 Adelbertus III. Und dieſem An. 1484. Bert-
220 5370 1922 5495 holdus, Graff von Henneberg; und dem An.
229 5481 1922 5603 1504. Jacob von Liebenſtein / ein Schwab.
217 5594 1922 5711 Auff welchen folgte Anno 1580. Uriel von
221 5706 1922 5817 Gemmingen; Auff dieſen Anno 1514. Alber-
220 5815 1922 5930 tus II. den theils Adalbertum I. nennen / ein
220 5916 1921 6039 Marggraff von Brandenburg / Cardinal / und
223 6032 1921 6171 Ertzbiſchoff zu Magdeburg / der XCV. Bi⸗
1942 427 3612 570 ſchoff / und LV. Ertzbiſchoff / ſo Anno 1545.
1940 541 3612 659 geſtorben / und zu deſſen Zeit Petrus Faber, ei⸗
1940 652 3618 778 ner auß den zehen Erſten Jeſuiten / am erſten
1940 756 3616 886 nach Meyntz kommen iſt. Beſagtem Alber-
1938 871 3634 995 to hat ſuccedirt Sebaſtian von Haͤuſen⸗
1938 977 3611 1109 ſtein / beyder Rechten Doctor / ſo Anno 1555.
1937 1091 3605 1215 geſtorben; unter welchem Marggraff Al⸗
1937 1201 3609 1321 brecht von Brandenburg Anno 1552. S.
1954 1302 3604 1433 Martins Schloß: Item / S. Alban / S.
1952 1416 3608 1542 Victor / die heilige Creutzkirchen / und die
1951 1527 3617 1655 Carthauß zu Mayntz verbrannt / das uͤbrige
1946 1644 3603 1762 gepluͤndert; deß Doms aber / und S. Jacobs
1948 1747 3604 1869 Kloſter / auch der andern / hat er / wegen be⸗
1947 1853 3606 1979 ſchehener anderer Vorbitte / verſchonet.
1944 1972 3607 2087 Beſagtem Sebaſtiano hat Daniel Brendel
1943 2081 3606 2200 von Homburg ſuccedirt / ſo Anno 1582. ge⸗
1945 2187 3604 2306 ſtorben. Dieſer hat am erſten Anno 1561.zu
1945 2296 3601 2415 dem Jeſuiter Collegio allhie den Grund ge⸗
1945 2403 3596 2521 legt; auch das Schloß wieder zugericht; und
1938 2511 3599 2630 zwo ſtattliche Graffſchafften / als Rheineck /
1943 2619 3606 2740 oder Lohr / und Koͤnigſtein / an das Ertzſtifft
1927 2732 3605 2849 gebracht; als in beyden der Mannsſtam⸗
1945 2843 3607 2957 men außgeſtorben / und Rheineck / als ein Le⸗
1926 2946 3605 3065 hen / dieſem Stifft; Koͤnigſtein aber dem
1925 3054 3606 3173 Kaͤyſer heimgefallen war; ſo er auch dem
1924 3163 3605 3284 Stifft uͤberlaſſen; wie vielgedachter Serarius
1924 3276 3605 3392 ſchreibt. Beſihe unten Koͤnigſtein; und in
1923 3381 3606 3504 Beſchreibung deß Franckenlands / die Stadt
1942 3490 3606 3606 Lohr. Dieſer Ertzbiſchoff hat ſo wol an ſei⸗
1943 3605 3602 3717 nem Hoff / als auch in der Stadt Meyntz / die
1942 3714 3600 3825 Evangeliſchen Lutheriſchen / und Reformier⸗
1940 3826 3605 3935 ten / geduldet / auch an verbottenen Tagen /
1940 3931 3608 4043 den Reyſenden Fleiſch zu ſpeiſen / in ſeinem
1923 4044 3607 4155 Lande nicht verwehret; auch in den obgedach⸗
1941 4153 3608 4268 ten zwo Graffſchafften / mit der Religion
1942 4267 3605 4378 nichts geaͤndert / deßwegen er dann vom jetzt⸗
1924 4378 3605 4489 gemeldten Serario pag. 945. & 947. ſeq. ent⸗
1924 4481 3604 4595 ſchuldiget wird. Ihme hat ſuccedirt Wolf-
1925 4572 3610 4712 gangus, auß dem fuͤrnehmen alten Geſchlecht
1925 4693 3607 4819 m Wormbſer⸗ und Speyrer Gaͤu / der Ca⸗
1925 4808 3603 4924 merer von Dalberg / ſo Anno 1601. geſtorben.
1926 4921 3607 5040 Und dieſem Johann⸗Adam auß dem Adeli⸗
1926 5028 3609 5150 chen Geſchlecht der Bicken / deſſen Mutter
1926 5146 3620 5252 ein Brendlin geweſen; ſo Anno 1604. geſtor⸗
1927 5251 3605 5368 ben; und zu deſſen Zeit allhie / und in an⸗
1945 5363 3606 5477 dern Rhein⸗Staͤdten / auch zu Heydelberg /
1942 5470 3609 5581 Anno 1601. ein Erdbidem geweſen. Anno
1951 5582 3609 5697 1603. hat dieſer Ertzbiſchoff ſeinen Hoff zu
1943 5696 3611 5806 reformieren angefangen / und die / ſo nicht
1947 5802 3608 5921 ſeiner Religion geweſen / abgeſchafft; auch
1949 5914 3610 6024 den verbottenen Buͦchern nachzufragen befoh⸗
1955 6023 3603 6135 len. Ihme hat ſuccedirt Johann Schweick⸗
