3870 6490
1875 451 3670 594 ſchienen / den Eyd gibt / ihre Vota, oder Stim⸗
1876 572 3670 701 men ſamlet; und auff die letzte / wann Er auch
1877 687 3671 807 gefragt wird / ſein Votum gibet. Er ſitzt dem
1877 796 3671 921 Roͤmiſchen Keyſer zur Rechten / auſſer in dem
1877 909 3672 1038 Ertzſtifft Coͤlln. Er hat das Archivum Im-
1878 1018 3672 1146 perii . publicum in ſeiner Verwahrung; wie
1878 1129 3673 1249 auch die Reichs⸗ Matricul. Der Keyſerliche
1879 1244 3673 1367 Reichs⸗Hoff⸗Rath / und Cantzley / iſt ihme
1879 1355 3674 1476 verpflichtet. Er fuͤhret auch das Directori-
1880 1457 3674 1585 um in dem Churfuͦrſtlichen Rath. Er berufft
1880 1578 3675 1698 die Deputierte auff den Deputations⸗Tag;
1881 1691 3675 1802 wie auch die Viſitatores zu dem Viſitations⸗
1881 1795 3676 1917 Convent. Und hat noch mehrere Freyheiten /
1882 1910 3676 2027 und Gerechtigkeiten; wie bey denen / ſo de Ju-
1882 2022 3677 2136 re publico geſchrieben / als D. Arumæo, Dan.
1883 2126 3677 2244 Othone, Joan. Limnæo, und andern: Item /
1883 2243 3678 2353 in Notabilibus Speidelii voc. Meyntz / zu le⸗
1884 2352 3678 2467 ſen. Es meldet Wil. Kyriander part. 6. An-
1884 2462 3679 2576 nal. Aug. Trever. in f. fol. 58. als auff dem
1885 2562 3679 2684 Reichstag zu Soiſſons, dem Hylderico in
1885 2679 3680 2798 Franckreich der Koͤnigliche Name entzogen /
1886 2794 3680 2906 und dem Pipino gegeben worden / daß ihn den
1886 2902 3681 3013 Pipinum, gleich darauff in der Kirchen S. Bo-
1887 3012 3681 3124 nifacius geſalbet habe. Und deßwegen / ſagt
1887 3121 3682 3236 er / ſolle der Ertzbiſchoff von Meyntz / (als deß
1888 3230 3682 3346 beſagten Bonifacii Stul⸗Erb / und Nachfol⸗
1888 3343 3683 3456 ger) die erſte Stell / wie man darfuͤr halte / un⸗
1889 3451 3683 3566 ter den Churfuͤrſten / in der Wahl eines Teut⸗
1889 3561 3683 3676 ſchen Keyſers / den man einen Roͤmiſchen Koͤ⸗
1889 3671 3684 3785 nig nenne / biß daher haben. Zu welchem auch
1890 3779 3684 3897 dieſes koͤnte gethan werden / daß dieſe Wuͤrde
1890 3892 3685 4006 noch von den alten Keyſern / und Koͤnigen her⸗
1891 3999 3685 4120 kommen / bey welchen der Ertz⸗Cantzler allezeit
1891 4107 3686 4229 ein Geiſtlicher geweſen / der einen andern / ſo
1892 4217 3686 4340 das Directorium, in Verrichtung der Ge⸗
1892 4326 3687 4449 ſchaͤfft / und Außfertigung der Brieff / gefuͤh⸗
1893 4442 3687 4558 ret / unter ſich gehabt hat. Es ſeyn uͤber das un⸗
1893 4549 3688 4671 ter ihme / als einem Ertzbiſchoffen / zwoͤlff Bi⸗
1894 4653 3688 4783 ſchoͤffe / und zwar in dieſer Ordnung / wie ſie in
1894 4765 3689 4893 den Jahrs Calendern verzeichnet werden;
1895 4876 3689 5005 nemlich / zur Rechten / Wormbs / Speyer /
1895 4978 3690 5110 Straßburg / Cur / Padelborn / und Halber⸗
1896 5096 3690 5228 ſtadt: Zur Lincken / Wuͦrtzburg / Aichſtadt /
1896 5196 3691 5332 Verden / Hildesheim / Coſtantz / und Aug⸗
1897 5318 3691 5447 ſpurg. Es ſeyn vorzeiten auch die Biſchoͤffe
1897 5432 3692 5555 von Prag / und Olmuͦtz / unter dieſem Ertzbi⸗
1898 5532 3692 5666 ſchoff geweſen; der etwan auch die Koͤnige in
1898 5641 3693 5774 Boͤheim gecrönt hat. Und ſchreibet Golda-
1899 5758 3693 5883 ſtus in ſeinen Commentariis de Bohemiæ
1899 5860 3694 5996 Regni, &c. Juribus, ac privilegiis, lib. 3. cap.
1900 5981 3694 6104 10. pag. 339. daß dieſes ein alte deß Ertzbi⸗
1900 6085 3695 6230 ſchoffs zu Meyntz prærogativa, daß er die von
124 454 1938 609 hard von Cronenbers / der in das drey
125 592 1939 722 und zwantzigſte Jahr regiert / und Anno
126 704 1940 821 1626. den 17. September / im 75. Jahr ſeines
127 812 1940 942 Alters / geſtorben iſt. Deſſen Nachfolger
127 925 1941 1046 geweſen / Herr Georg⸗Friderich Greiffen⸗
128 1036 1942 1154 klaw von Vollraht / vorhin Biſchoff zu
129 1145 1942 1259 Wormbs. Der Anno 1629. den 6. Julii dieſe
129 1258 1943 1377 Welt geſegnet. Auff ihn folgte den 6. Augu⸗
130 1366 1944 1487 ſti dieſes Jahrs / Herr Anshelm Caſimir
131 1477 1945 1600 Wambold von Umbſtadt / der Anno 1647.
132 1590 1945 1709 den 29. Septembris, alten Calenders / zu
132 1697 1946 1824 Franckfurt geſtorben / und nach Meyntz gefuͤh⸗
133 1812 1947 1929 ret worden iſt. An ſeine ſtatt ward den 19.
134 1918 1947 2031 Novembris, anno 1647. neuen Calenders /
135 2021 1948 2149 Herr Johann Philips von Schoͤnborn / Bi⸗
135 2136 1949 2262 ſchoff zu Wuͤrtzburg / Anno 1606. gebohrn /
136 2249 1950 2374 zum Ertzbiſchoff zu Meyntz erwehlet. Anno
137 2353 1950 2478 1652. befanden ſich Ihre Churfuͦrſtliche Emi⸗
137 2460 1951 2583 nentz zu Prag / und hatten bey ſich einen Graf⸗
138 2576 1952 2699 fen Kratzen / einen Graffen von Hohenlohe / ei⸗
139 2684 1953 2805 nen Graffen von Rantzau / und einen Herrn
140 2792 1953 2908 von Stadinon. Anno 53. wohnten dieſelbe der
140 2900 1954 3022 Wahl und Kroͤnung des Roͤmiſchen Koͤnigs /
141 3014 1955 3135 Herrn Herrn Ferdinandi IV. zu Augſpurg /
142 3118 1955 3242 und Regenſpurg / und folgends / dem angeſtell⸗
142 3231 1956 3352 ten Reichstag / perſoͤnlich bey; Deßgleichen
143 3339 1957 3459 auch Anno 57. dem zu Franckfurt angeſtellten
144 3448 1958 3569 Wahltag / und der An. 58. daſelbſt darauff er⸗
145 3557 1958 3680 folgten Kroͤnung jetziger regierender Kaͤyſerl.
145 3665 1959 3789 Majeſtaͤt Leopoldi I. Anno 1673. den 2. Fe-
146 3779 1960 3895 bruarii hat Hoͤchſtgemeldter Herr Churfuͤrſt
147 3889 1960 4006 dieſe Welt zu Wuͤrtzburg ſeligſt verlaſſen.
147 3992 1961 4113 Ihme ſeynd gefolgt in der Ordnung Ihro
148 4091 1962 4225 Churfuͤrſtl. Gnaden Herr Lotharius Fride-
149 4217 1963 4330 ricus, vorhin Biſchoff zu Speyer / den 13. 3.
149 4319 1963 4441 Martii, ſo den 3. Junii ſt. n. 1675. dieſe Welt
150 4432 1964 4553 geſegnet. Der jetzt regierende Herr Ertzbiſchoff
151 4540 1965 4663 und Churfuͤrſt iſt Herr Damian Hartard /
152 4647 1965 4782 Freyherr von der Leyen / Ihro Chur⸗
153 4762 1966 4880 Fuͤrſtl. Gnaden zu Trier /Herr Bruder / wel⸗
153 4872 1967 4986 cher von einem Hochw. Dom⸗Capitul zu
154 4971 1968 5094 Meyntz den 22. Jun. 3. Jul. einhelliglich erweh⸗
155 5091 1968 5201 let worden. Ihro Churfuͤrſtl. Hoheit ſind in
155 5192 1969 5313 der Ordnung der CV. Biſchoff / der LXV.
156 5303 1970 5426 Ertz⸗Biſchoff / und wann gedachter Willigi-
157 5416 1970 5533 ſus der Erſte Churfuͦrſt ſolte geweſt ſeyn / wie
157 5524 1971 5642 viele wollen / der XLIX. Churfuͦrſt / und zwar
158 5632 1972 5755 der Fuͦrnehmſte unter den Churfuͦrſten / derſel⸗
159 5740 1973 5864 ben Decanus, und deß H. Reichs Ertz⸗Cantz⸗
159 5848 1973 5974 ler durch Germanien / welcher die andere ſeine
160 5955 1974 6085 Herren Mit⸗Churfuͤrſten zur Wahl eines
161 6071 1975 6200 neuen Keyſers berufft / denſelben / wann ſie er⸗
