<?xml version="1.0" encoding="UTF-8" standalone="no"?>
<PcGts xmlns="http://schema.primaresearch.org/PAGE/gts/pagecontent/2019-07-15" xmlns:xsi="http://www.w3.org/2001/XMLSchema-instance" xsi:schemaLocation="http://schema.primaresearch.org/PAGE/gts/pagecontent/2019-07-15 http://schema.primaresearch.org/PAGE/gts/pagecontent/2019-07-15/pagecontent.xsd">
  <Metadata>
    <Creator/>
    <Created>2021-07-20T10:59:52</Created>
    <LastChange>2023-01-16T14:12:48</LastChange>
    <Comments/>
  </Metadata>
  <Page imageFilename="0047.png" imageHeight="6490" imageWidth="3870">
    <ReadingOrder>
      <OrderedGroup id="g2">
        <RegionRefIndexed index="0" regionRef="r10"/>
        <RegionRefIndexed index="1" regionRef="r9"/>
        <RegionRefIndexed index="2" regionRef="r1"/>
        <RegionRefIndexed index="3" regionRef="r8"/>
        <RegionRefIndexed index="4" regionRef="r3"/>
        <RegionRefIndexed index="5" regionRef="r2"/>
        <RegionRefIndexed index="6" regionRef="r5"/>
        <RegionRefIndexed index="7" regionRef="r4"/>
        <RegionRefIndexed index="8" regionRef="r7"/>
        <RegionRefIndexed index="9" regionRef="r6"/>
        <RegionRefIndexed index="10" regionRef="r12"/>
        <RegionRefIndexed index="11" regionRef="r11"/>
      </OrderedGroup>
    </ReadingOrder>
    <TextRegion id="r1" orientation="0.375" type="paragraph">
      <Coords points="188,3410 188,420 1935,415 1954,3410"/>
      <TextLine id="l1">
        <Coords points="830,545 829,544 829,521 828,521 814,521 814,521 814,529 813,530 812,530 812,529 812,521 811,521 710,521 708,523 706,523 704,521 684,521 683,521 582,521 582,522 582,533 581,534 581,535 579,536 578,536 577,537 531,537 531,538 531,541 530,543 527,543 526,544 525,544 524,543 522,543 520,541 520,522 519,522 426,522 425,523 422,523 421,522 288,523 287,524 209,525 209,525 209,530 208,531 188,531 188,531 188,540 188,541 170,541 169,540 168,415 169,415 188,415 188,415 188,441 188,442 243,441 245,443 246,443 247,444 248,444 248,445 248,446 249,447 249,452 250,452 253,452 254,453 255,453 256,454 258,454 259,455 322,455 323,456 323,457 324,458 410,457 410,457 410,455 411,454 411,452 416,447 416,445 417,444 418,444 419,443 421,443 423,441 424,441 427,438 430,438 430,438 430,420 431,419 467,419 467,419 467,442 468,443 469,443 470,444 471,444 471,444 471,445 472,446 473,446 474,447 474,449 477,452 477,457 478,458 569,457 569,457 569,456 570,455 570,454 571,453 571,449 573,447 573,446 574,445 574,444 576,442 577,442 578,441 579,441 582,438 583,438 584,437 586,437 587,436 589,436 590,435 591,436 592,436 594,438 595,438 597,440 599,440 600,441 602,441 604,444 604,457 605,457 637,457 638,458 638,459 639,460 656,460 657,461 808,460 808,459 808,455 809,454 809,451 812,448 812,447 814,445 814,444 816,443 821,443 822,442 845,441 846,440 913,440 915,442 915,456 916,457 932,457 932,456 932,425 933,425 934,425 935,426 935,456 936,457 1033,456 1033,456 1033,418 1034,417 1069,417 1069,417 1069,440 1071,442 1071,443 1072,444 1072,445 1073,446 1073,449 1074,450 1125,450 1125,449 1125,430 1126,430 1126,430 1126,449 1127,450 1203,449 1204,448 1204,447 1205,446 1205,445 1206,444 1207,444 1209,442 1209,441 1211,439 1211,438 1212,437 1217,437 1218,436 1218,435 1220,433 1221,433 1222,432 1224,432 1226,429 1226,428 1227,428 1242,428 1243,427 1245,427 1246,428 1247,428 1248,429 1250,429 1251,430 1252,430 1253,431 1255,431 1256,432 1257,432 1257,432 1257,433 1260,436 1309,435 1310,436 1385,436 1386,437 1389,437 1390,438 1390,443 1391,444 1391,452 1392,453 1400,453 1400,452 1400,420 1401,420 1444,420 1444,420 1444,452 1445,453 1453,452 1453,452 1453,429 1455,427 1490,427 1490,427 1490,426 1491,425 1492,427 1492,452 1493,452 1498,452 1499,451 1549,451 1549,450 1549,441 1550,440 1550,439 1551,439 1552,439 1556,435 1564,435 1565,436 1567,436 1568,437 1568,447 1569,448 1572,448 1572,447 1572,416 1573,416 1574,416 1574,416 1574,447 1575,448 1606,447 1606,447 1606,423 1607,422 1608,422 1610,424 1654,424 1654,425 1654,449 1655,449 1720,449 1720,448 1720,446 1721,445 1721,444 1723,443 1725,443 1727,445 1727,447 1728,448 1732,448 1732,448 1732,456 1733,457 1850,456 1850,455 1850,415 1851,415 1888,415 1888,415 1888,441 1889,442 1927,441 1928,443 1928,447 1929,448 1929,455 1930,455 1953,455 1953,456 1954,533 1953,533 1922,533 1922,533 1922,528 1921,527 1921,514 1920,513 1795,514 1794,513 1705,514 1705,514 1705,517 1704,518 1704,519 1700,523 1699,523 1699,522 1699,521 1698,521 1696,521 1696,520 1696,514 1695,513 1695,512 1694,512 1610,512 1609,513 1608,513 1608,514 1608,515 1606,516 1602,516 1601,517 1590,518 1590,518 1590,534 1589,535 1589,534 1589,516 1588,516 1504,516 1503,517 1431,518 1431,518 1431,521 1428,524 1428,525 1425,528 1423,528 1420,531 1419,531 1418,532 1414,532 1413,533 1411,533 1410,534 1405,534 1404,535 1402,535 1400,533 1398,533 1397,532 1396,532 1395,531 1394,531 1394,530 1394,529 1393,528 1393,527 1391,525 1391,523 1390,522 1390,518 1389,518 1349,518 1348,517 1281,518 1280,517 1246,517 1245,516 1125,517 1124,518 1059,518 1058,519 1057,519 1056,520 982,521 982,521 982,529 980,531 975,531 974,532 925,532 924,533 922,533 921,534 918,534 917,535 915,535 914,534 912,534 911,533 910,533 908,531 906,531 905,530 905,521 904,520 892,520 892,521 892,539 892,539 891,539 891,521 890,520 832,521 832,521 832,544 832,545"/>
        <TextEquiv index="0">
          <Unicode>dem Keyſer neulich creirte Koͤnig croͤnte / und</Unicode>
        </TextEquiv>
        <TextEquiv index="1">
          <Unicode>dem Keyſer neulich creirte König crönte / und</Unicode>
        </TextEquiv>
      </TextLine>
      <TextLine id="l2">
        <Coords points="1928,648 1926,646 1391,650 1391,649 1391,648 1390,648 1045,650 1044,649 796,651 796,650 796,649 795,649 170,653 170,652 169,541 170,541 188,541 188,541 188,544 188,545 1953,533 1954,534 1955,648 1954,648"/>
        <TextEquiv index="0">
          <Unicode>ſalbete; welches auff ihren / der Ertzbiſchoͤffe /</Unicode>
        </TextEquiv>
        <TextEquiv index="1">
          <Unicode>ſalbete; welches auff ihren / der Ertzbiſchöffe /</Unicode>
        </TextEquiv>
      </TextLine>
      <TextLine id="l3">
        <Coords points="171,768 170,767 170,653 170,653 187,653 188,653 188,654 188,655 291,654 294,657 294,658 294,658 917,654 918,653 942,653 944,651 948,651 950,649 952,649 953,650 963,650 966,653 1589,649 1590,648 1595,648 1596,647 1613,646 1614,647 1622,647 1623,648 1624,648 1626,650 1954,648 1955,649 1955,755 1955,755 1420,759 1419,758 718,762 717,763 188,767 188,768"/>
        <TextEquiv index="0">
          <Unicode>Graͤbern allhie zu Meyntz / in dem Dom / in</Unicode>
        </TextEquiv>
        <TextEquiv index="1">
          <Unicode>Gräbern allhie zu Meyntz / in dem Dom / in</Unicode>
        </TextEquiv>
      </TextLine>
      <TextLine id="l4">
        <Coords points="1932,865 1931,865 1931,862 1931,861 1863,862 1862,861 1861,861 1859,859 1857,859 1855,857 1854,857 1852,855 1852,844 1852,844 1760,844 1758,842 1734,843 1733,842 1648,842 1647,843 1643,843 1642,844 1641,844 1640,843 1621,843 1619,841 1507,842 1506,841 1455,841 1454,842 1454,853 1453,854 1452,854 1451,853 1395,854 1393,852 1393,847 1393,847 1382,847 1381,846 1381,845 1380,844 1306,844 1305,843 1191,844 1190,843 1156,843 1104,844 1102,846 1100,846 1098,844 1098,843 1098,843 1004,843 1003,844 1001,844 1000,845 999,845 998,844 961,845 960,844 790,845 788,847 732,847 730,849 704,849 702,851 624,852 622,850 507,851 506,852 456,852 455,853 455,854 454,855 454,858 453,859 453,860 452,861 451,861 448,864 447,864 446,865 444,865 443,866 441,866 439,868 438,868 436,870 424,870 423,869 341,870 340,869 335,869 333,867 333,866 331,864 331,861 330,860 330,852 330,852 247,852 245,854 188,855 188,855 188,873 188,874 172,874 171,873 170,768 171,768 188,768 188,768 188,784 188,785 209,785 210,785 210,794 210,795 292,794 293,794 293,793 293,792 294,792 295,791 308,791 309,790 309,779 309,779 312,779 315,776 318,776 319,775 319,774 321,772 332,772 334,774 336,774 338,775 338,784 338,785 383,784 385,786 385,788 386,789 440,789 441,790 487,790 488,790 488,791 488,792 600,791 601,790 622,790 623,789 675,789 676,790 746,789 747,789 747,780 747,779 748,779 749,780 749,789 749,789 766,789 768,787 769,788 848,787 849,787 849,781 849,780 850,781 850,787 850,787 855,787 856,786 865,786 866,787 956,787 957,786 987,786 988,785 988,778 989,777 989,776 990,775 990,774 990,774 991,773 992,772 996,772 997,773 998,773 1000,775 1000,777 1000,777 1002,777 1004,779 1004,780 1004,780 1007,780 1008,781 1009,781 1010,782 1013,782 1015,784 1058,784 1059,785 1142,785 1143,784 1143,783 1144,782 1144,774 1145,772 1146,772 1148,770 1151,770 1152,769 1153,769 1155,768 1155,766 1156,764 1159,764 1161,762 1169,762 1170,763 1173,763 1173,764 1173,765 1174,765 1215,765 1218,768 1219,768 1222,770 1222,784 1222,785 1237,785 1238,786 1371,785 1372,785 1372,774 1372,773 1412,773 1414,771 1414,769 1415,768 1415,767 1415,767 1419,767 1420,766 1419,759 1420,759 1420,759 1421,766 1421,767 1453,766 1454,767 1540,767 1541,768 1559,768 1560,769 1589,769 1590,769 1590,780 1590,781 1591,781 1592,782 1594,782 1599,786 1599,787 1599,788 1713,787 1714,786 1728,786 1736,778 1737,778 1738,777 1748,777 1749,776 1749,769 1749,769 1789,768 1790,768 1790,767 1791,766 1791,765 1791,764 1848,764 1849,763 1928,762 1929,761 1929,756 1930,755 1955,755 1955,756 1956,865 1956,865"/>
        <TextEquiv index="0">
          <Unicode>acht genommen werden koͤnne; allda etliche</Unicode>
        </TextEquiv>
        <TextEquiv index="1">
          <Unicode>acht genommen werden könne; allda etliche</Unicode>
        </TextEquiv>
      </TextLine>
      <TextLine id="l5">
        <Coords points="172,992 172,991 171,874 172,874 188,874 188,874 188,881 188,882 270,881 271,880 273,880 274,879 290,879 291,878 295,878 296,879 302,879 303,880 304,880 304,880 304,881 307,884 307,898 308,899 361,899 362,898 363,898 364,897 365,897 366,896 395,895 395,895 395,892 397,890 398,890 402,886 404,886 405,885 407,885 408,884 409,884 410,883 477,883 478,882 479,882 480,881 481,881 482,880 483,880 484,879 485,879 486,878 494,878 499,883 605,882 606,881 639,881 640,880 642,880 643,879 644,879 647,876 680,876 681,877 682,877 683,878 685,878 685,878 685,879 687,880 690,880 691,882 691,887 692,887 784,887 784,886 784,884 786,883 787,883 788,882 846,881 846,881 846,880 847,879 847,878 848,877 849,877 850,876 852,876 855,873 860,873 861,872 862,872 863,871 869,871 870,870 885,870 886,871 887,871 888,872 890,872 891,874 891,875 892,875 893,875 894,876 896,876 897,877 986,877 986,877 986,878 987,879 1022,878 1023,880 1023,881 1024,882 1024,895 1025,895 1051,895 1052,894 1123,894 1123,893 1123,882 1124,881 1124,880 1125,879 1125,878 1128,876 1129,876 1130,875 1155,874 1157,872 1158,872 1159,871 1160,871 1161,870 1166,870 1167,869 1170,872 1174,872 1175,873 1254,873 1256,871 1257,871 1258,872 1261,872 1262,873 1263,873 1264,874 1268,874 1269,875 1272,875 1272,875 1272,876 1273,877 1325,876 1326,877 1328,877 1328,878 1328,880 1330,881 1333,881 1334,883 1334,897 1335,897 1356,897 1357,898 1460,897 1460,897 1460,896 1461,895 1461,891 1462,890 1462,888 1463,887 1463,886 1465,884 1465,882 1469,878 1470,878 1471,877 1471,876 1472,875 1473,875 1475,873 1476,873 1477,872 1478,872 1480,870 1481,870 1482,869 1484,869 1485,868 1489,868 1490,869 1616,868 1616,869 1616,881 1617,881 1636,881 1639,878 1641,878 1641,879 1641,880 1642,881 1642,882 1643,883 1643,884 1644,885 1644,886 1645,886 1725,886 1726,885 1762,884 1763,883 1765,883 1765,884 1765,891 1766,891 1872,891 1872,890 1872,886 1873,885 1873,880 1874,879 1874,878 1877,876 1879,876 1880,875 1931,874 1931,874 1931,866 1932,865 1956,865 1956,866 1957,974 1956,974 1927,974 1927,974 1927,951 1926,950 1834,951 1833,952 1808,952 1807,953 1805,953 1804,954 1741,955 1740,956 1739,956 1738,957 1684,957 1683,958 1682,957 1679,957 1679,956 1679,954 1678,954 1626,954 1625,953 1606,953 1605,952 1579,953 1578,952 1496,952 1495,953 1481,953 1481,954 1481,962 1480,962 1469,962 1468,964 1468,970 1466,971 1465,971 1465,972 1465,973 1464,973 1459,973 1459,973 1459,972 1458,971 1458,969 1457,968 1426,969 1426,968 1426,967 1425,967 1424,967 1423,965 1423,954 1422,954 1380,954 1379,953 1270,954 1269,955 1242,955 1242,955 1242,957 1241,958 1241,961 1240,962 1240,963 1239,964 1239,973 1235,977 1233,977 1231,974 1231,971 1229,969 1229,962 1228,962 1150,962 1150,963 1150,971 1148,972 1147,972 1146,973 1144,973 1143,973 1038,973 1036,971 1035,971 1034,970 1031,970 1030,969 1029,969 1028,968 1028,967 1027,966 1027,965 1026,964 1026,957 1025,956 1007,956 1006,955 932,956 932,956 932,957 931,958 929,958 929,958 929,965 928,966 928,965 928,958 927,958 921,958 919,956 846,956 845,955 743,956 742,957 700,957 699,958 698,958 697,959 693,959 692,960 661,961 661,961 661,963 660,964 660,968 659,969 659,971 658,972 658,973 657,974 657,975 655,977 654,977 653,978 652,977 651,977 651,976 651,975 649,974 562,974 562,975 562,976 561,977 561,978 560,978 559,978 557,980 547,980 544,977 468,978 467,976 467,962 466,962 377,963 377,963 377,972 376,973 375,973 375,973 375,974 373,976 370,976 369,975 368,975 367,974 364,974 364,973 364,972 363,972 278,972 277,973 276,972 269,972 267,970 213,971 213,971 213,989 211,991 188,991 187,992"/>
        <TextEquiv index="0">
          <Unicode>Ertzbiſchoͤffe die Koͤnige / ſo ſie confirmieꝛt / und</Unicode>
        </TextEquiv>
        <TextEquiv index="1">
          <Unicode>Ertzbiſchöffe die Könige / ſo ſie confirmiert / und</Unicode>
        </TextEquiv>
      </TextLine>
      <TextLine id="l6">
        <Coords points="173,1098 173,1097 172,992 172,992 187,992 188,992 188,1011 188,1012 343,1011 343,1010 343,1008 344,1007 344,1005 345,1004 345,1003 347,1001 347,1000 348,999 348,998 350,996 353,996 355,994 420,993 422,995 588,994 590,993 590,992 592,989 594,989 596,987 600,987 601,986 609,986 610,985 617,985 618,986 620,986 621,986 621,987 621,988 693,987 696,990 819,990 821,988 822,988 823,988 823,989 824,991 849,990 850,991 850,993 851,994 851,1004 852,1004 1014,1003 1014,1003 1014,1001 1016,999 1016,997 1017,996 1017,995 1019,993 1019,992 1022,988 1023,988 1024,987 1026,987 1027,987 1027,985 1027,984 1037,984 1038,984 1038,983 1039,982 1039,980 1039,979 1040,979 1041,978 1047,978 1048,979 1064,979 1065,980 1065,982 1065,982 1078,982 1079,983 1081,983 1082,984 1083,984 1084,985 1172,984 1173,985 1177,985 1178,986 1383,985 1384,984 1576,983 1578,984 1578,991 1578,992 1588,992 1591,994 1592,994 1592,994 1592,995 1593,996 1719,995 1719,994 1719,992 1722,989 1722,986 1723,985 1724,985 1726,983 1727,983 1729,981 1729,980 1730,979 1732,979 1733,978 1742,978 1743,979 1745,979 1747,981 1748,981 1750,983 1751,983 1752,983 1752,985 1753,986 1753,997 1754,998 1902,997 1903,995 1903,991 1904,990 1904,988 1904,988 1926,987 1927,987 1927,975 1927,974 1956,974 1957,975 1958,1084 1957,1084 1874,1085 1873,1086 1792,1086 1792,1086 1792,1084 1791,1083 1790,1083 1789,1082 1717,1083 1716,1081 1716,1079 1715,1078 1714,1064 1714,1064 1565,1065 1564,1065 1565,1074 1564,1075 1442,1076 1440,1078 1438,1078 1437,1079 1437,1080 1436,1081 1433,1081 1432,1082 1431,1082 1430,1083 1427,1083 1426,1084 1424,1084 1423,1085 1422,1085 1421,1084 1415,1084 1414,1083 1411,1083 1407,1078 1407,1077 1406,1076 1406,1071 1404,1070 1404,1066 1404,1066 1379,1066 1378,1065 1211,1066 1210,1067 1158,1067 1157,1068 1157,1069 1156,1070 1156,1071 1156,1072 1156,1083 1155,1083 1154,1083 1152,1085 1151,1085 1150,1086 1149,1086 1148,1087 1145,1087 1145,1087 1145,1086 1141,1082 1140,1071 1140,1071 942,1072 941,1073 941,1076 938,1079 938,1080 935,1083 932,1083 931,1084 930,1084 929,1085 927,1085 926,1086 914,1086 913,1085 912,1085 911,1084 909,1084 908,1083 842,1083 842,1084 842,1089 841,1089 826,1090 825,1091 812,1091 812,1090 812,1088 811,1088 774,1088 773,1087 771,1087 770,1086 767,1086 766,1085 763,1085 762,1084 760,1084 758,1082 757,1082 755,1080 632,1081 631,1082 630,1082 628,1084 627,1084 626,1085 625,1085 624,1086 618,1086 616,1088 615,1088 614,1089 604,1089 603,1088 602,1088 601,1087 582,1087 581,1086 581,1085 579,1083 579,1077 578,1076 437,1077 437,1078 437,1083 435,1084 431,1084 430,1086 430,1087 429,1087 428,1087 427,1088 423,1088 422,1089 420,1089 419,1088 419,1084 418,1083 417,1083 417,1083 417,1082 416,1081 415,1073 415,1072 405,1072 404,1071 249,1072 248,1073 247,1073 246,1074 245,1074 244,1075 188,1076 188,1076 188,1097 187,1098"/>
        <TextEquiv index="0">
          <Unicode>welche in Juͤnglings Geſtalt abgebildet ſeyn /</Unicode>
        </TextEquiv>
        <TextEquiv index="1">
          <Unicode>welche in Jünglings Geſtalt abgebildet ſeyn /</Unicode>
        </TextEquiv>
      </TextLine>
      <TextLine id="l7">
        <Coords points="174,1208 173,1207 173,1098 173,1098 208,1098 209,1098 209,1104 209,1105 463,1103 464,1102 464,1101 464,1101 466,1099 467,1099 468,1098 472,1098 474,1096 478,1096 479,1097 482,1097 483,1098 485,1098 488,1100 488,1120 488,1121 682,1120 683,1119 683,1114 684,1113 684,1111 685,1110 685,1109 685,1109 687,1108 689,1107 689,1105 689,1104 690,1104 691,1103 694,1103 699,1098 801,1098 802,1097 803,1097 804,1096 805,1096 809,1092 810,1092 811,1091 825,1091 826,1090 842,1089 843,1090 844,1090 845,1091 845,1092 845,1092 978,1092 979,1093 983,1093 986,1096 1105,1095 1108,1098 1240,1097 1241,1096 1246,1096 1249,1093 1250,1093 1251,1092 1253,1092 1254,1091 1259,1091 1260,1090 1262,1090 1263,1089 1267,1089 1268,1088 1269,1088 1270,1089 1272,1089 1273,1090 1275,1090 1276,1091 1280,1091 1281,1092 1312,1091 1313,1092 1314,1092 1315,1093 1390,1093 1391,1094 1396,1094 1397,1095 1398,1095 1400,1096 1400,1099 1401,1100 1401,1102 1401,1103 1515,1102 1516,1103 1517,1103 1519,1105 1519,1112 1519,1112 1685,1111 1686,1110 1686,1108 1686,1108 1687,1108 1688,1107 1688,1098 1688,1098 1803,1097 1804,1096 1869,1096 1870,1095 1870,1088 1870,1088 1925,1087 1926,1087 1926,1085 1926,1084 1957,1084 1958,1085 1958,1193 1958,1193 1930,1193 1929,1193 1929,1180 1929,1179 1814,1180 1810,1177 1810,1174 1810,1173 1661,1174 1660,1175 1660,1191 1660,1191 1659,1191 1659,1175 1659,1174 1615,1174 1613,1176 1493,1177 1491,1179 1490,1179 1489,1180 1406,1181 1405,1181 1405,1193 1405,1194 1404,1194 1401,1197 1395,1197 1394,1198 1390,1198 1389,1197 1386,1197 1385,1196 1380,1196 1377,1193 1377,1192 1376,1191 1376,1178 1376,1178 1258,1179 1257,1178 1254,1178 1253,1177 1252,1177 1251,1176 1120,1177 1119,1177 1119,1186 1118,1188 1116,1188 1115,1189 1107,1189 1106,1188 1106,1187 1105,1186 1105,1181 1104,1180 1104,1175 1104,1175 960,1176 959,1176 959,1180 958,1181 958,1182 957,1183 957,1192 956,1194 954,1194 953,1194 953,1195 952,1197 950,1197 946,1193 946,1182 946,1182 832,1183 831,1182 824,1182 823,1181 691,1181 690,1180 470,1182 468,1183 468,1188 467,1189 467,1193 465,1196 437,1196 436,1197 436,1200 435,1201 434,1201 433,1202 432,1202 431,1201 427,1201 424,1199 424,1198 423,1197 423,1196 421,1194 421,1193 420,1192 420,1185 420,1184 277,1185 276,1186 276,1187 275,1188 275,1190 274,1191 274,1192 273,1193 273,1194 270,1197 270,1198 267,1201 266,1201 265,1202 264,1202 263,1203 260,1203 259,1204 248,1204 247,1205 247,1206 247,1206 188,1207 188,1208"/>
        <TextEquiv index="0">
          <Unicode>gleichſam als Geiſtliche Soͤhn / unter der</Unicode>
        </TextEquiv>
        <TextEquiv index="1">
          <Unicode>gleichſam als Geiſtliche Söhn / unter der</Unicode>
        </TextEquiv>
      </TextLine>
      <TextLine id="l8">
        <Coords points="1000,1315 999,1315 999,1308 999,1307 188,1313 188,1313 188,1315 188,1316 175,1316 174,1315 173,1208 174,1208 860,1203 861,1202 863,1202 864,1201 868,1201 869,1200 872,1200 873,1199 874,1199 875,1200 888,1200 889,1201 1036,1200 1037,1201 1080,1201 1081,1202 1082,1202 1083,1203 1083,1204 1084,1205 1821,1200 1822,1199 1823,1199 1824,1198 1831,1198 1832,1197 1929,1196 1929,1196 1929,1194 1930,1193 1958,1193 1958,1194 1959,1301 1959,1301 1934,1301 1933,1301 1933,1298 1932,1297 1932,1295 1931,1294 1815,1295 1812,1292 1812,1285 1811,1284 1066,1289 1064,1291 1059,1291 1058,1292 1055,1292 1054,1293 1048,1293 1047,1294 1045,1294 1044,1295 1043,1295 1042,1296 1010,1296 1010,1297 1010,1315 1010,1315"/>
        <TextEquiv index="0">
          <Unicode>Hand halten. In Summa / es wird dieſes</Unicode>
        </TextEquiv>
        <TextEquiv index="1">
          <Unicode>Hand halten. In Summa / es wird dieſes</Unicode>
        </TextEquiv>
      </TextLine>
      <TextLine id="l9">
        <Coords points="175,1433 175,1432 174,1316 175,1316 188,1316 188,1316 188,1321 188,1322 257,1321 258,1320 283,1320 284,1319 288,1319 290,1317 293,1317 294,1318 295,1318 296,1319 300,1319 301,1320 302,1320 304,1322 307,1322 307,1322 307,1341 308,1342 366,1342 367,1341 369,1341 370,1339 370,1338 371,1338 372,1338 373,1337 409,1336 409,1336 409,1335 411,1333 411,1332 412,1331 412,1330 413,1329 413,1328 415,1326 416,1326 417,1325 418,1325 419,1324 421,1324 425,1320 427,1320 428,1319 434,1319 435,1318 436,1319 504,1319 505,1318 507,1318 508,1317 513,1317 514,1316 536,1315 537,1314 541,1314 542,1313 544,1313 545,1314 553,1314 555,1316 556,1316 557,1318 557,1320 558,1320 623,1320 627,1316 629,1316 631,1314 632,1314 633,1313 675,1313 677,1315 679,1315 680,1316 681,1316 682,1317 682,1321 683,1322 683,1330 684,1331 748,1330 748,1330 748,1327 749,1326 751,1326 751,1326 751,1323 754,1320 760,1320 761,1319 762,1319 763,1318 764,1319 766,1319 767,1320 815,1320 815,1320 815,1334 817,1336 912,1335 914,1333 922,1333 923,1334 924,1334 924,1334 924,1337 925,1338 991,1338 991,1337 991,1320 992,1320 993,1319 994,1318 996,1318 999,1315 1012,1315 1014,1317 1015,1317 1016,1319 1016,1324 1017,1324 1124,1324 1125,1322 1125,1321 1126,1320 1126,1319 1129,1317 1130,1318 1131,1318 1131,1318 1131,1319 1132,1320 1132,1324 1133,1325 1199,1324 1199,1324 1199,1323 1200,1322 1200,1321 1202,1319 1203,1319 1204,1318 1206,1318 1207,1317 1208,1317 1211,1314 1214,1314 1215,1313 1218,1313 1219,1312 1223,1312 1226,1315 1227,1315 1230,1318 1234,1318 1235,1319 1236,1319 1238,1321 1238,1325 1239,1326 1273,1326 1273,1326 1273,1333 1274,1334 1351,1333 1351,1333 1351,1323 1353,1321 1390,1321 1392,1319 1393,1319 1394,1318 1399,1318 1400,1317 1402,1317 1407,1312 1409,1312 1410,1311 1411,1311 1411,1310 1411,1307 1412,1307 1412,1307 1412,1310 1416,1314 1417,1314 1419,1316 1419,1318 1420,1319 1420,1321 1421,1322 1485,1321 1486,1320 1487,1320 1491,1316 1492,1316 1494,1314 1495,1314 1497,1312 1500,1312 1500,1313 1500,1325 1501,1325 1523,1325 1524,1326 1527,1326 1528,1327 1529,1327 1529,1327 1529,1328 1530,1329 1530,1331 1531,1332 1600,1332 1600,1331 1600,1319 1601,1319 1603,1319 1605,1321 1605,1332 1606,1332 1647,1332 1647,1332 1647,1330 1648,1329 1655,1329 1657,1332 1657,1333 1659,1334 1670,1334 1670,1334 1670,1313 1672,1311 1673,1313 1673,1334 1674,1334 1726,1334 1727,1333 1728,1333 1730,1331 1735,1331 1737,1333 1804,1332 1805,1331 1821,1331 1821,1331 1821,1322 1822,1321 1822,1319 1824,1317 1825,1317 1826,1316 1827,1316 1829,1314 1830,1314 1831,1315 1832,1315 1833,1316 1833,1317 1835,1319 1836,1319 1837,1320 1837,1321 1838,1322 1904,1322 1904,1321 1904,1318 1906,1317 1932,1316 1932,1316 1932,1303 1934,1301 1959,1301 1959,1302 1960,1412 1959,1412 1933,1412 1933,1412 1933,1393 1932,1392 1880,1393 1878,1390 1878,1388 1877,1388 1812,1388 1810,1390 1809,1390 1808,1391 1806,1391 1805,1390 1731,1391 1730,1390 1663,1390 1661,1393 1661,1394 1658,1397 1658,1398 1656,1399 1655,1399 1654,1400 1649,1400 1648,1401 1646,1401 1644,1399 1644,1392 1643,1391 1597,1392 1594,1389 1521,1389 1520,1390 1519,1390 1517,1392 1487,1392 1486,1393 1421,1394 1421,1394 1421,1407 1419,1409 1418,1409 1417,1410 1416,1410 1415,1411 1414,1411 1413,1412 1412,1412 1410,1414 1405,1414 1404,1415 1403,1414 1400,1414 1399,1413 1397,1413 1396,1412 1329,1412 1327,1414 1326,1414 1325,1415 1318,1415 1317,1414 1314,1414 1313,1413 1310,1413 1308,1411 1304,1411 1303,1410 1303,1408 1302,1407 1302,1394 1301,1393 1202,1394 1200,1397 1200,1412 1197,1414 1195,1414 1194,1415 1146,1415 1145,1415 1144,1415 1143,1414 1142,1414 1141,1413 1137,1413 1135,1411 1134,1411 1134,1410 1134,1409 1133,1408 1133,1405 1132,1404 1132,1397 1131,1397 1114,1397 1113,1396 1112,1396 1111,1395 1035,1395 1034,1394 948,1395 946,1397 944,1397 942,1395 853,1395 852,1396 851,1396 849,1394 766,1395 765,1394 764,1394 763,1393 679,1394 678,1395 653,1395 652,1396 623,1396 623,1396 623,1398 622,1399 622,1404 621,1405 621,1407 620,1408 620,1414 618,1416 615,1416 614,1417 614,1416 614,1414 613,1414 611,1414 610,1413 610,1398 609,1397 524,1398 523,1399 523,1405 522,1406 522,1407 521,1408 521,1409 520,1410 520,1413 518,1415 514,1415 514,1414 514,1413 512,1412 468,1412 468,1412 468,1419 467,1420 410,1420 409,1421 406,1421 406,1421 406,1420 405,1419 405,1418 404,1417 404,1416 403,1415 375,1416 374,1415 373,1415 372,1413 371,1412 371,1411 369,1409 369,1402 368,1402 298,1402 297,1403 295,1403 293,1405 292,1405 291,1406 286,1406 285,1407 272,1407 271,1406 261,1406 260,1405 259,1405 258,1404 257,1404 257,1404 257,1403 255,1401 253,1401 252,1400 188,1401 188,1401 188,1432 187,1433"/>
        <TextEquiv index="0">
          <Unicode>Ertzſtifft fuͤr das würdigſte gehalten; und /</Unicode>
        </TextEquiv>
        <TextEquiv index="1">
          <Unicode>Ertzſtifft für das würdigſte gehalten; und /</Unicode>
        </TextEquiv>
      </TextLine>
      <TextLine id="l10">
        <Coords points="176,1548 175,1433 175,1433 187,1433 188,1433 188,1438 188,1439 222,1439 224,1440 224,1443 224,1444 362,1443 363,1442 363,1441 363,1441 367,1441 370,1438 370,1437 374,1433 375,1433 376,1432 450,1431 451,1430 453,1430 455,1428 456,1428 457,1427 462,1427 463,1426 468,1426 469,1427 503,1427 505,1429 506,1429 509,1432 510,1432 512,1434 689,1432 691,1431 691,1430 692,1429 692,1428 692,1427 694,1427 699,1422 701,1422 702,1421 708,1421 709,1420 731,1420 732,1419 734,1419 735,1418 742,1418 743,1417 749,1417 750,1418 757,1418 761,1422 761,1423 761,1423 787,1423 789,1425 790,1425 796,1431 916,1430 917,1430 917,1438 917,1439 989,1439 992,1436 993,1435 997,1431 1121,1431 1122,1430 1128,1430 1130,1428 1131,1428 1132,1427 1134,1427 1135,1426 1136,1426 1137,1425 1245,1424 1246,1425 1274,1425 1276,1427 1402,1426 1403,1425 1403,1424 1404,1423 1407,1423 1408,1422 1411,1422 1413,1420 1413,1419 1413,1419 1427,1419 1428,1420 1432,1420 1433,1421 1434,1421 1436,1423 1447,1423 1448,1424 1576,1423 1577,1422 1578,1423 1579,1423 1582,1425 1582,1441 1582,1442 1797,1440 1798,1439 1820,1439 1821,1438 1846,1438 1847,1437 1871,1437 1874,1434 1874,1433 1876,1431 1877,1431 1879,1429 1931,1428 1932,1428 1932,1413 1932,1412 1959,1412 1960,1413 1960,1522 1960,1522 1932,1522 1931,1521 1873,1522 1872,1521 1872,1500 1872,1500 1800,1500 1798,1498 1660,1499 1659,1500 1658,1500 1657,1501 1639,1501 1637,1503 1637,1505 1634,1508 1634,1509 1633,1510 1633,1512 1632,1513 1632,1514 1631,1515 1630,1515 1629,1516 1629,1517 1628,1518 1627,1518 1626,1519 1619,1519 1618,1520 1611,1520 1609,1518 1605,1518 1604,1518 1603,1518 1602,1517 1600,1515 1600,1514 1600,1514 1598,1514 1596,1512 1596,1506 1595,1505 1595,1502 1595,1502 1443,1503 1441,1505 1440,1505 1439,1506 1433,1506 1432,1507 1322,1507 1320,1509 1320,1511 1316,1515 1316,1517 1316,1517 1315,1517 1313,1519 1313,1520 1313,1520 1312,1520 1311,1521 1309,1521 1308,1522 1306,1522 1305,1523 1292,1524 1291,1523 1288,1523 1287,1522 1286,1522 1285,1521 1159,1521 1156,1524 1155,1524 1154,1525 1150,1525 1149,1526 1140,1527 1139,1526 1134,1526 1133,1525 1132,1525 1130,1523 1130,1522 1129,1521 1129,1505 1129,1505 968,1506 967,1506 967,1515 966,1517 964,1517 963,1518 859,1518 858,1519 857,1519 855,1521 855,1525 854,1526 854,1527 853,1528 848,1528 847,1527 846,1527 844,1526 844,1525 843,1524 843,1511 843,1510 784,1511 783,1510 783,1509 783,1509 653,1510 651,1512 650,1512 649,1513 647,1513 646,1512 646,1511 645,1510 645,1509 645,1509 577,1509 576,1510 576,1522 575,1523 574,1523 573,1523 573,1510 573,1509 510,1510 509,1511 405,1511 404,1512 404,1520 402,1522 402,1524 401,1525 401,1527 400,1528 389,1528 386,1525 383,1525 382,1525 382,1523 381,1522 381,1521 380,1520 380,1513 380,1513 247,1513 246,1514 188,1515 188,1515 188,1531 187,1532 188,1539 186,1541 185,1541 183,1543 182,1543 176,1549"/>
        <TextEquiv index="0">
          <Unicode>nach Rom / Meyntz der heilige Stul genannt.</Unicode>
        </TextEquiv>
        <TextEquiv index="1">
          <Unicode>nach Rom / Meyntz der heilige Stul genannt.</Unicode>
        </TextEquiv>
      </TextLine>
      <TextLine id="l11">
        <Coords points="1405,1633 1404,1632 1399,1632 1398,1631 1208,1632 1206,1631 1206,1622 1205,1621 1205,1618 1205,1617 1184,1617 1183,1616 1133,1617 1132,1616 1130,1616 1128,1614 989,1615 988,1616 987,1616 986,1617 963,1617 962,1617 962,1624 961,1625 961,1626 959,1628 959,1629 959,1630 958,1630 957,1631 955,1631 953,1633 952,1633 951,1634 950,1633 949,1633 948,1632 945,1632 944,1631 943,1631 942,1630 942,1629 941,1628 941,1617 941,1617 930,1617 929,1616 688,1617 687,1618 687,1629 683,1634 678,1634 677,1635 552,1635 551,1636 547,1636 546,1637 544,1637 543,1636 542,1636 541,1636 541,1620 541,1619 472,1620 471,1619 470,1619 469,1618 444,1618 443,1617 316,1618 313,1621 312,1621 311,1622 308,1622 307,1623 303,1623 301,1625 300,1625 299,1626 242,1626 240,1628 218,1629 217,1629 217,1639 217,1640 177,1640 176,1639 176,1549 182,1543 183,1543 185,1541 186,1541 187,1540 256,1539 257,1538 262,1538 264,1536 266,1536 267,1535 268,1535 269,1534 270,1534 271,1533 283,1533 284,1532 286,1532 287,1533 289,1533 290,1534 291,1534 292,1535 296,1535 297,1536 302,1536 304,1538 305,1538 306,1539 307,1539 309,1541 310,1541 313,1543 313,1545 314,1547 316,1547 322,1553 323,1553 324,1553 324,1554 325,1555 325,1556 327,1559 477,1558 478,1557 478,1545 481,1542 481,1541 481,1541 550,1540 552,1539 552,1538 557,1532 558,1532 559,1531 562,1531 563,1530 565,1530 566,1531 568,1531 570,1533 571,1533 572,1534 576,1534 577,1535 767,1534 768,1533 770,1533 771,1532 773,1532 774,1531 782,1531 784,1533 816,1533 819,1535 819,1536 819,1537 940,1536 941,1537 944,1537 949,1541 949,1542 949,1543 1073,1542 1075,1540 1075,1539 1075,1539 1076,1539 1079,1536 1080,1536 1082,1534 1083,1534 1086,1531 1087,1531 1088,1530 1089,1530 1090,1529 1097,1529 1098,1528 1102,1528 1103,1529 1230,1528 1230,1528 1230,1529 1231,1530 1235,1530 1236,1530 1236,1531 1238,1534 1331,1533 1333,1535 1334,1535 1335,1536 1335,1540 1335,1540 1460,1539 1461,1538 1513,1538 1514,1538 1514,1536 1517,1532 1568,1532 1571,1529 1572,1529 1573,1528 1575,1528 1576,1527 1578,1527 1579,1526 1581,1526 1582,1525 1584,1525 1585,1526 1717,1525 1718,1524 1730,1524 1730,1523 1730,1520 1731,1520 1735,1520 1736,1519 1739,1519 1739,1519 1739,1523 1740,1524 1744,1524 1745,1525 1745,1527 1747,1529 1774,1528 1776,1530 1776,1531 1778,1533 1778,1534 1779,1535 1779,1544 1779,1544 1873,1544 1874,1543 1873,1522 1874,1522 1875,1522 1875,1522 1876,1543 1876,1544 1930,1543 1931,1543 1931,1530 1932,1529 1931,1523 1932,1522 1960,1522 1960,1523 1961,1626 1961,1626 1932,1626 1931,1626 1931,1609 1931,1608 1788,1609 1787,1610 1787,1623 1786,1624 1785,1624 1783,1626 1782,1626 1781,1627 1772,1627 1771,1628 1770,1628 1769,1627 1764,1627 1760,1624 1760,1614 1760,1613 1577,1615 1576,1615 1576,1623 1575,1624 1575,1625 1575,1626 1574,1626 1573,1627 1571,1627 1570,1628 1569,1628 1568,1629 1413,1630 1412,1631 1411,1631 1410,1632 1408,1632 1407,1633"/>
        <TextEquiv index="0">
          <Unicode>Der einfache Reichs⸗Anſchlag dieſes Chur⸗</Unicode>
        </TextEquiv>
        <TextEquiv index="1">
          <Unicode>Der einfache Reichs⸗Anſchlag dieſes Chur⸗</Unicode>
        </TextEquiv>
      </TextLine>
      <TextLine id="l12">
        <Coords points="177,1761 177,1760 176,1640 177,1640 1931,1628 1931,1628 1931,1627 1932,1626 1961,1626 1961,1627 1962,1743 1961,1743 1934,1743 1934,1743 1934,1741 1933,1740 219,1752 218,1753 188,1753 188,1753 188,1760 187,1761"/>
        <TextEquiv index="0">
          <Unicode>Fuͦrſtenthumbs iſt 60. zu Roß 277. zu Fuß /</Unicode>
        </TextEquiv>
        <TextEquiv index="1">
          <Unicode>Fürſtenthumbs iſt 60. zu Roß 277. zu Fuß /</Unicode>
        </TextEquiv>
      </TextLine>
      <TextLine id="l13">
        <Coords points="178,1866 178,1865 177,1761 177,1761 187,1761 188,1761 188,1763 188,1764 291,1763 292,1764 294,1764 295,1766 295,1768 296,1769 296,1770 301,1774 303,1774 304,1775 372,1775 372,1775 372,1776 373,1777 459,1776 459,1775 459,1769 460,1769 523,1769 524,1767 524,1765 525,1764 525,1763 526,1763 527,1763 527,1762 527,1761 533,1755 534,1755 535,1753 536,1753 537,1752 538,1752 539,1751 541,1751 542,1750 551,1750 552,1749 560,1749 561,1750 562,1750 563,1751 572,1751 573,1752 573,1753 573,1753 590,1753 591,1754 593,1754 594,1755 666,1755 668,1756 668,1760 669,1761 857,1759 858,1758 861,1758 862,1758 862,1757 862,1756 865,1756 866,1755 948,1755 949,1754 949,1753 951,1751 952,1751 953,1750 956,1750 958,1748 959,1748 961,1746 965,1746 966,1745 975,1745 976,1746 977,1746 978,1747 987,1747 988,1748 989,1748 991,1749 991,1751 991,1752 1005,1751 1007,1753 1008,1753 1009,1754 1123,1754 1124,1754 1124,1762 1125,1763 1126,1763 1127,1764 1128,1764 1129,1765 1135,1765 1136,1766 1137,1766 1138,1767 1140,1767 1141,1768 1142,1768 1143,1769 1144,1769 1145,1770 1147,1769 1148,1770 1149,1770 1150,1771 1233,1771 1234,1772 1398,1771 1398,1770 1398,1762 1399,1761 1399,1760 1403,1756 1404,1756 1405,1755 1407,1755 1409,1756 1409,1757 1412,1760 1413,1760 1413,1760 1413,1761 1415,1763 1417,1763 1421,1767 1556,1766 1556,1765 1556,1752 1557,1751 1557,1750 1559,1748 1562,1748 1563,1747 1567,1747 1568,1746 1608,1745 1609,1744 1613,1744 1618,1749 1618,1750 1619,1751 1619,1752 1621,1754 1621,1755 1622,1756 1622,1761 1623,1761 1773,1760 1773,1760 1773,1758 1774,1757 1774,1756 1775,1754 1779,1754 1782,1752 1782,1751 1783,1749 1785,1749 1787,1747 1788,1747 1789,1746 1798,1746 1799,1745 1933,1744 1934,1743 1961,1743 1962,1744 1963,1848 1962,1848 1936,1848 1936,1848 1936,1841 1935,1840 1805,1841 1803,1843 1802,1843 1800,1845 1796,1845 1795,1846 1790,1846 1789,1847 1754,1848 1754,1848 1754,1851 1753,1852 1753,1851 1752,1829 1752,1829 1620,1829 1619,1830 1618,1830 1617,1831 1616,1831 1615,1832 1583,1833 1582,1834 1581,1834 1580,1835 1480,1835 1479,1837 1479,1838 1476,1841 1476,1842 1473,1844 1472,1844 1470,1846 1468,1846 1467,1847 1466,1847 1465,1848 1462,1848 1460,1846 1460,1845 1458,1843 1458,1842 1457,1841 1456,1834 1456,1833 1283,1835 1283,1835 1283,1836 1282,1837 1282,1838 1280,1840 1280,1841 1276,1845 1276,1846 1275,1847 1275,1849 1272,1852 1270,1852 1269,1853 1264,1853 1261,1849 1261,1836 1260,1836 1228,1836 1227,1835 1162,1835 1064,1836 1063,1837 992,1838 991,1839 987,1839 986,1840 983,1840 982,1841 909,1841 907,1843 902,1843 900,1841 900,1840 899,1839 899,1838 898,1837 897,1835 897,1834 588,1836 585,1839 580,1839 578,1841 576,1841 575,1842 570,1842 569,1843 562,1843 561,1844 552,1844 550,1842 549,1842 548,1841 488,1842 487,1841 486,1841 485,1840 419,1840 418,1839 257,1840 255,1842 254,1842 253,1843 252,1843 251,1844 188,1845 188,1845 188,1865 187,1866"/>
        <TextEquiv index="0">
          <Unicode>oder an Gelt 1828. Gulden; und zu Unterhal⸗</Unicode>
        </TextEquiv>
        <TextEquiv index="1">
          <Unicode>oder an Gelt 1828. Gulden; und zu Unterhal⸗</Unicode>
        </TextEquiv>
      </TextLine>
      <TextLine id="l14">
        <Coords points="1936,1988 1936,1987 1935,1986 1934,1937 1934,1936 1748,1938 1747,1938 1747,1943 1746,1944 1746,1947 1745,1948 1745,1950 1743,1953 1741,1953 1738,1956 1734,1956 1733,1957 1732,1957 1731,1958 1722,1949 1722,1948 1720,1946 1720,1942 1720,1942 1717,1942 1716,1942 1716,1974 1716,1975 1712,1975 1711,1974 1710,1974 1709,1973 1709,1942 1709,1942 1554,1943 1553,1943 1553,1944 1553,1945 1552,1945 1551,1946 1541,1946 1540,1946 1540,1948 1539,1949 1539,1950 1538,1951 1538,1953 1537,1954 1537,1955 1537,1956 1536,1956 1535,1957 1534,1957 1533,1958 1532,1958 1531,1959 1526,1959 1525,1958 1520,1958 1519,1958 1519,1957 1519,1956 1518,1956 1515,1954 1515,1953 1514,1952 1514,1941 1514,1940 1382,1941 1381,1941 1381,1960 1381,1961 1379,1959 1345,1959 1344,1958 1342,1958 1341,1958 1341,1957 1341,1956 1255,1957 1254,1956 1253,1956 1252,1955 1120,1956 1118,1957 1118,1959 1116,1962 1113,1962 1112,1963 1111,1963 1110,1964 1108,1964 1107,1963 1102,1963 1101,1962 1099,1962 1097,1960 1097,1959 1096,1958 1096,1947 1096,1947 947,1948 945,1949 945,1950 943,1952 943,1953 942,1954 942,1955 936,1962 928,1962 927,1963 921,1963 920,1964 912,1964 907,1960 907,1959 905,1957 905,1955 904,1954 904,1949 903,1948 903,1947 903,1946 722,1947 721,1948 720,1948 719,1947 583,1948 582,1949 534,1950 532,1952 531,1952 526,1956 526,1957 525,1959 519,1959 517,1960 517,1964 516,1965 516,1966 515,1968 385,1968 384,1967 383,1968 382,1967 371,1967 368,1964 368,1963 367,1962 367,1960 366,1959 366,1950 366,1950 188,1951 188,1951 188,1973 188,1974 179,1974 178,1973 178,1866 178,1866 187,1866 188,1866 188,1882 188,1883 260,1882 262,1884 262,1886 262,1886 425,1885 426,1885 426,1883 427,1882 427,1881 429,1879 429,1878 431,1875 432,1875 433,1874 434,1874 435,1873 436,1873 437,1872 521,1872 523,1870 523,1869 524,1868 525,1868 527,1866 528,1866 529,1865 592,1864 594,1862 597,1862 599,1860 602,1860 604,1858 612,1858 613,1859 614,1859 617,1862 624,1862 627,1865 628,1865 635,1872 636,1872 638,1873 638,1875 639,1876 639,1877 640,1878 640,1883 640,1884 928,1882 929,1881 1033,1880 1034,1880 1034,1871 1035,1870 1035,1869 1036,1868 1036,1867 1038,1865 1038,1864 1039,1862 1090,1862 1091,1861 1092,1861 1093,1860 1095,1860 1097,1862 1101,1862 1102,1863 1103,1863 1107,1866 1107,1867 1108,1868 1108,1869 1108,1870 1265,1869 1269,1865 1270,1865 1271,1864 1303,1863 1304,1862 1306,1862 1310,1858 1316,1858 1318,1860 1520,1859 1521,1860 1712,1859 1713,1858 1716,1858 1717,1857 1721,1857 1722,1856 1722,1855 1722,1855 1728,1855 1730,1856 1730,1858 1732,1861 1751,1861 1752,1860 1752,1852 1752,1852 1753,1852 1754,1852 1754,1860 1754,1861 1774,1860 1776,1862 1776,1866 1776,1866 1778,1866 1780,1868 1781,1868 1783,1870 1877,1870 1878,1869 1878,1854 1878,1854 1935,1853 1936,1853 1936,1849 1936,1848 1962,1848 1963,1849 1964,1987 1963,1987 1937,1987 1936,1988"/>
        <TextEquiv index="0">
          <Unicode>tung deß Kammergerichts / jaͤhrlich / nach dem</Unicode>
        </TextEquiv>
        <TextEquiv index="1">
          <Unicode>tung deß Kammergerichts / jährlich / nach dem</Unicode>
        </TextEquiv>
      </TextLine>
      <TextLine id="l15">
        <Coords points="180,2080 179,2079 178,1974 179,1974 629,1971 630,1970 1197,1966 1199,1964 1208,1964 1209,1963 1215,1963 1216,1962 1217,1963 1247,1963 1248,1964 1248,1965 1253,1970 1253,1972 1254,1973 1343,1972 1345,1974 1358,1974 1360,1976 1611,1974 1611,1975 1611,1975 1539,1976 1538,1976 1539,1977 1545,1977 1545,1977 1545,1978 1545,1979 1497,1979 1496,1980 1497,2035 1494,2037 1493,2037 1489,2041 1488,2041 1487,2043 1487,2044 1486,2044 1468,2044 1468,2045 1468,2046 1466,2047 1464,2047 1462,2049 1394,2050 1394,2050 1394,2064 1394,2065 1369,2065 1368,2066 1322,2066 1321,2067 1321,2070 1321,2070 1004,2072 1003,2073 1002,2073 1001,2074"/>
        <TextEquiv index="0">
          <Unicode>erhoͤheten Anſchlag / 500. Gulden.</Unicode>
        </TextEquiv>
        <TextEquiv index="1">
          <Unicode>erhöheten Anſchlag / 500. Gulden.</Unicode>
        </TextEquiv>
      </TextLine>
      <TextLine id="l16">
        <Coords points="183,2191 182,2190 180,2190 180,2189 179,2080 180,2080 182,2080 183,2079 185,2079 186,2078 188,2078 188,2078 188,2079 188,2080 431,2078 431,2079 431,2083 432,2083 1390,2077 1391,2076 1394,2076 1395,2075 1396,2075 1398,2073 1415,2073 1416,2072 1820,2069 1821,2068 1822,2068 1823,2067 1825,2067 1825,2067 1825,2064 1826,2063 1933,2062 1933,2062 1933,2041 1934,2040 1934,2036 1934,2035 1963,2035 1964,2036 1965,2172 1964,2172 1469,2175 1469,2176 1469,2177 1468,2177 1068,2180 1068,2181 1068,2184 1067,2184 188,2190 187,2191"/>
        <TextEquiv index="0">
          <Unicode>Was nun die Staͤdte / und Staͤdtlein / be⸗</Unicode>
        </TextEquiv>
        <TextEquiv index="1">
          <Unicode>Was nun die Städte / und Städtlein / be⸗</Unicode>
        </TextEquiv>
      </TextLine>
      <TextLine id="l17">
        <Coords points="181,2304 181,2303 180,2190 180,2190 182,2190 183,2191 187,2191 188,2191 188,2195 188,2196 260,2195 261,2196 262,2196 265,2199 265,2216 265,2216 455,2215 456,2214 457,2214 458,2213 462,2213 464,2211 465,2211 466,2212 619,2211 620,2210 620,2207 621,2206 622,2206 623,2205 623,2204 623,2204 624,2204 625,2203 626,2202 626,2201 628,2199 629,2199 630,2198 632,2198 633,2197 634,2197 635,2196 637,2196 638,2197 880,2195 886,2189 888,2189 889,2188 891,2188 892,2189 895,2189 897,2191 902,2191 904,2193 1039,2192 1041,2190 1062,2190 1063,2190 1063,2186 1063,2185 1065,2185 1066,2184 1071,2184 1072,2184 1072,2186 1072,2187 1216,2186 1217,2185 1290,2185 1291,2184 1317,2183 1318,2182 1319,2182 1320,2182 1320,2179 1320,2178 1321,2178 1322,2179 1322,2181 1322,2181 1337,2181 1339,2183 1339,2184 1341,2186 1341,2193 1341,2193 1479,2192 1480,2191 1515,2191 1517,2190 1517,2188 1518,2187 1518,2186 1518,2185 1519,2185 1520,2185 1520,2184 1521,2182 1522,2182 1524,2181 1524,2180 1524,2179 1525,2179 1526,2178 1527,2178 1528,2177 1538,2177 1539,2176 1541,2176 1543,2174 1547,2174 1548,2173 1554,2173 1555,2174 1557,2174 1558,2175 1563,2175 1564,2176 1565,2176 1566,2177 1567,2177 1568,2178 1569,2178 1570,2179 1571,2179 1572,2180 1573,2180 1574,2180 1574,2181 1575,2182 1575,2183 1575,2184 1635,2183 1637,2185 1637,2189 1637,2189 1650,2189 1653,2192 1653,2193 1653,2193 1660,2193 1662,2195 1663,2195 1665,2197 1665,2200 1665,2200 1796,2199 1799,2197 1799,2196 1802,2192 1804,2192 1805,2191 1807,2191 1808,2190 1912,2189 1913,2189 1913,2180 1913,2179 1933,2179 1934,2179 1934,2173 1934,2172 1964,2172 1965,2173 1965,2277 1965,2277 1941,2277 1940,2277 1940,2271 1939,2270 1939,2257 1939,2256 1807,2257 1805,2259 1778,2259 1777,2260 1731,2261 1730,2262 1574,2263 1573,2264 1572,2264 1571,2264 1571,2265 1571,2266 1570,2266 1569,2267 1568,2267 1567,2268 1566,2268 1565,2269 1551,2269 1550,2269 1550,2275 1549,2276 1549,2279 1548,2280 1548,2281 1547,2283 1546,2283 1545,2284 1544,2284 1543,2285 1530,2285 1529,2284 1528,2284 1527,2283 1526,2283 1524,2281 1523,2281 1521,2280 1521,2279 1520,2278 1520,2277 1518,2275 1518,2274 1517,2273 1517,2272 1516,2271 1516,2266 1516,2265 1312,2266 1311,2267 1311,2268 1310,2269 1310,2272 1309,2273 1309,2276 1308,2277 1308,2280 1304,2284 1239,2285 1238,2285 1238,2289 1238,2290 1237,2289 1237,2285 1237,2285 1202,2285 1201,2286 1201,2287 1199,2289 1191,2289 1188,2287 1188,2285 1188,2284 1159,2284 1158,2283 1157,2283 1156,2283 1156,2282 1155,2281 1155,2280 1155,2279 1063,2280 1061,2278 1057,2278 1056,2277 1055,2277 1053,2275 1051,2275 1049,2273 1048,2273 1047,2272 883,2273 882,2274 882,2285 881,2286 881,2289 880,2290 880,2291 879,2292 878,2292 877,2291 873,2291 871,2290 871,2274 871,2273 848,2273 847,2272 712,2273 711,2274 711,2282 710,2283 710,2286 709,2287 704,2287 703,2288 698,2288 697,2287 696,2287 692,2284 692,2276 692,2275 680,2276 679,2275 406,2276 404,2278 404,2279 403,2280 403,2283 400,2286 400,2287 398,2289 398,2290 397,2291 396,2291 395,2292 394,2292 393,2293 392,2293 391,2294 390,2294 389,2295 387,2295 386,2296 373,2297 372,2298 368,2298 366,2296 366,2294 366,2294 363,2294 361,2292 361,2289 360,2288 360,2280 360,2280 188,2281 188,2281 188,2295 187,2296 188,2303 187,2304"/>
        <TextEquiv index="0">
          <Unicode>langet / welche dieſem Ertzſtifft der Zeit unter⸗</Unicode>
        </TextEquiv>
        <TextEquiv index="1">
          <Unicode>langet / welche dieſem Ertzſtifft der Zeit unter⸗</Unicode>
        </TextEquiv>
      </TextLine>
      <TextLine id="l18">
        <Coords points="182,2409 181,2408 181,2304 181,2304 187,2304 188,2304 188,2323 188,2324 253,2323 254,2324 255,2324 257,2326 399,2325 400,2325 400,2323 401,2322 401,2319 403,2317 403,2316 404,2315 404,2314 405,2312 406,2312 407,2311 408,2311 411,2308 415,2308 417,2307 417,2306 418,2304 442,2304 444,2302 451,2302 452,2303 457,2303 459,2305 460,2305 464,2308 464,2309 465,2310 465,2325 465,2326 614,2325 616,2323 616,2322 618,2320 618,2318 619,2317 619,2316 619,2316 620,2316 621,2315 621,2314 623,2312 624,2312 625,2311 626,2311 627,2310 628,2310 631,2307 632,2307 633,2306 637,2306 639,2304 640,2304 641,2303 642,2303 643,2302 649,2302 650,2301 656,2301 658,2299 659,2300 663,2300 664,2301 668,2301 670,2303 677,2303 680,2306 815,2305 817,2303 818,2303 819,2302 820,2302 821,2301 823,2301 824,2300 825,2300 827,2298 828,2298 829,2299 830,2299 831,2300 834,2300 835,2301 836,2301 837,2301 837,2303 839,2306 842,2306 844,2307 845,2307 848,2310 848,2311 849,2312 849,2320 849,2320 1026,2319 1027,2319 1027,2316 1028,2315 1028,2313 1032,2309 1032,2308 1034,2305 1036,2305 1037,2306 1039,2306 1040,2307 1040,2310 1042,2312 1044,2312 1047,2315 1049,2315 1050,2316 1053,2316 1055,2318 1271,2317 1272,2316 1307,2315 1308,2314 1357,2314 1359,2313 1359,2308 1361,2306 1361,2305 1362,2304 1362,2302 1363,2300 1367,2300 1368,2299 1496,2298 1498,2296 1499,2296 1502,2293 1503,2293 1504,2292 1507,2292 1508,2291 1524,2291 1525,2292 1526,2292 1527,2293 1528,2293 1529,2294 1562,2294 1563,2295 1566,2295 1567,2296 1568,2296 1572,2299 1572,2300 1574,2302 1574,2303 1575,2304 1575,2307 1575,2308 1709,2307 1712,2304 1712,2303 1714,2301 1714,2300 1715,2299 1715,2298 1719,2294 1719,2293 1721,2291 1722,2291 1723,2290 1725,2290 1726,2289 1727,2289 1728,2288 1734,2288 1737,2285 1861,2284 1863,2281 1863,2280 1864,2280 1940,2279 1940,2279 1940,2278 1941,2277 1965,2277 1965,2278 1966,2388 1966,2388 1946,2388 1945,2388 1945,2386 1945,2385 1808,2386 1807,2387 1807,2388 1807,2388 1804,2388 1803,2389 1793,2389 1792,2388 1671,2389 1670,2388 1665,2388 1664,2387 1663,2387 1661,2386 1661,2385 1661,2384 1660,2384 1659,2383 1658,2383 1657,2383 1656,2382 1656,2379 1655,2378 1655,2374 1654,2372 1380,2374 1379,2375 1378,2375 1377,2376 1337,2376 1336,2377 1335,2377 1334,2378 1266,2379 1265,2379 1265,2381 1265,2382 1264,2381 1264,2379 1264,2379 1232,2379 1231,2380 1176,2380 1175,2381 1084,2382 1083,2381 998,2381 997,2380 835,2382 834,2383 815,2383 814,2383 814,2392 813,2393 813,2397 812,2398 812,2399 811,2401 810,2401 809,2402 805,2402 804,2401 803,2401 801,2399 801,2391 800,2390 800,2386 800,2386 663,2387 662,2388 658,2388 657,2389 656,2388 652,2388 651,2387 645,2387 644,2386 437,2387 436,2388 436,2389 435,2390 435,2395 434,2396 434,2397 430,2401 429,2400 403,2400 402,2399 401,2399 400,2399 400,2394 399,2393 399,2388 399,2387 329,2388 328,2387 188,2388 188,2388 188,2408 188,2409"/>
        <TextEquiv index="0">
          <Unicode>worffen: So iſt von denen an der Bergſtraß /</Unicode>
        </TextEquiv>
        <TextEquiv index="1">
          <Unicode>worffen: So iſt von denen an der Bergſtraß /</Unicode>
        </TextEquiv>
      </TextLine>
      <TextLine id="l19">
        <Coords points="329,2517 328,2516 327,2516 327,2515 327,2514 326,2513 326,2512 325,2511 325,2497 324,2497 188,2498 188,2498 188,2509 187,2510 182,2510 182,2509 181,2409 182,2409 188,2409 188,2409 188,2412 188,2413 286,2412 286,2413 286,2434 287,2434 424,2433 425,2432 425,2430 426,2429 426,2428 427,2427 427,2426 428,2425 428,2423 429,2422 429,2421 431,2419 432,2419 433,2418 436,2418 437,2417 439,2417 440,2416 442,2416 443,2415 446,2415 447,2414 451,2414 452,2413 575,2412 576,2411 577,2411 578,2410 587,2410 588,2411 589,2411 590,2412 637,2412 638,2413 770,2412 771,2411 772,2411 773,2410 776,2410 777,2409 780,2409 781,2410 782,2410 783,2411 783,2412 784,2413 784,2429 786,2431 925,2430 926,2429 971,2429 971,2428 971,2423 972,2422 972,2420 976,2417 979,2417 980,2418 981,2418 982,2419 983,2419 983,2419 983,2420 986,2423 987,2423 988,2424 989,2424 990,2425 1059,2424 1061,2426 1239,2425 1244,2420 1245,2420 1246,2419 1247,2419 1249,2417 1250,2417 1251,2418 1252,2418 1253,2419 1254,2419 1255,2420 1255,2422 1256,2423 1405,2422 1405,2421 1405,2416 1406,2415 1406,2414 1407,2413 1407,2412 1409,2410 1409,2407 1410,2407 1411,2407 1413,2404 1413,2403 1415,2402 1416,2402 1418,2400 1459,2399 1460,2398 1461,2398 1462,2397 1507,2397 1507,2397 1507,2396 1509,2394 1510,2394 1511,2393 1516,2393 1518,2395 1519,2395 1520,2396 1522,2396 1524,2398 1589,2398 1591,2400 1591,2411 1592,2412 1730,2411 1730,2410 1730,2409 1732,2407 1732,2404 1736,2401 1737,2401 1738,2400 1740,2400 1742,2398 1743,2398 1744,2397 1745,2397 1749,2393 1750,2393 1751,2392 1785,2391 1786,2390 1787,2390 1788,2389 1803,2389 1804,2388 1811,2388 1812,2389 1814,2389 1815,2390 1944,2389 1945,2388 1966,2388 1966,2389 1967,2498 1966,2498 1943,2498 1943,2498 1943,2476 1942,2475 1807,2476 1806,2477 1802,2477 1801,2478 1799,2478 1798,2479 1796,2479 1795,2480 1757,2481 1757,2481 1757,2482 1756,2483 1755,2483 1754,2484 1627,2484 1627,2485 1627,2491 1625,2492 1624,2492 1623,2493 1622,2493 1621,2494 1504,2495 1504,2496 1504,2502 1502,2503 1498,2503 1497,2502 1425,2503 1424,2502 1420,2502 1415,2497 1310,2497 1310,2497 1310,2485 1309,2484 1243,2485 1242,2486 1217,2486 1215,2488 1166,2488 1165,2489 1164,2489 1163,2490 1160,2490 1158,2488 940,2490 940,2490 940,2491 939,2492 939,2494 938,2495 938,2496 935,2499 935,2502 934,2503 932,2503 931,2504 930,2504 925,2509 919,2509 918,2510 917,2510 916,2511 914,2511 913,2510 910,2510 909,2509 908,2509 907,2508 904,2508 903,2507 902,2507 902,2507 902,2506 901,2505 901,2504 899,2502 899,2493 898,2492 656,2494 656,2494 656,2504 654,2506 654,2507 653,2508 652,2508 651,2509 648,2509 646,2511 638,2511 637,2510 567,2510 566,2509 564,2509 562,2507 562,2506 561,2505 561,2497 560,2496 483,2497 482,2496 350,2497 346,2501 346,2503 345,2504 345,2505 343,2507 343,2508 342,2509 342,2510 341,2511 341,2512 339,2514 337,2516 331,2516 330,2517"/>
        <TextEquiv index="0">
          <Unicode>bey Beſchreibung der untern Pfaltz: Von</Unicode>
        </TextEquiv>
        <TextEquiv index="1">
          <Unicode>bey Beſchreibung der untern Pfaltz: Von</Unicode>
        </TextEquiv>
      </TextLine>
      <TextLine id="l20">
        <Coords points="337,2628 336,2627 335,2627 333,2625 332,2625 331,2623 331,2607 330,2607 188,2608 188,2608 188,2625 187,2626 183,2626 183,2625 182,2510 182,2510 187,2510 188,2510 188,2521 188,2522 273,2521 274,2522 303,2522 304,2523 305,2523 307,2525 355,2525 359,2528 544,2526 544,2526 544,2525 544,2524 545,2524 546,2523 547,2523 548,2522 557,2522 558,2521 646,2521 647,2520 647,2518 648,2517 660,2517 661,2518 664,2518 665,2518 665,2523 665,2524 742,2523 743,2524 743,2525 744,2525 745,2525 745,2526 745,2529 746,2529 940,2528 941,2527 1013,2526 1013,2526 1013,2524 1015,2522 1015,2521 1016,2519 1017,2519 1018,2519 1018,2518 1018,2517 1019,2517 1020,2516 1021,2516 1022,2515 1023,2515 1025,2513 1026,2513 1028,2511 1035,2511 1036,2510 1037,2510 1038,2509 1039,2509 1040,2510 1051,2510 1052,2511 1052,2512 1052,2512 1056,2512 1058,2514 1104,2514 1105,2514 1105,2516 1105,2517 1110,2517 1111,2518 1112,2518 1113,2519 1114,2519 1115,2520 1295,2519 1296,2518 1296,2517 1297,2516 1298,2516 1299,2515 1300,2515 1301,2514 1392,2513 1395,2510 1397,2510 1398,2509 1401,2509 1404,2506 1414,2506 1415,2506 1415,2508 1417,2511 1418,2511 1419,2511 1419,2512 1420,2513 1420,2515 1420,2516 1552,2515 1555,2512 1556,2512 1558,2510 1559,2510 1560,2509 1560,2508 1561,2507 1563,2507 1564,2506 1568,2506 1570,2508 1571,2508 1574,2510 1574,2521 1575,2522 1706,2521 1707,2520 1707,2515 1708,2514 1708,2513 1711,2510 1711,2509 1711,2509 1714,2509 1715,2510 1787,2509 1789,2511 1789,2515 1790,2516 1790,2517 1790,2517 1793,2517 1795,2519 1798,2519 1799,2520 1942,2519 1943,2519 1943,2499 1943,2498 1966,2498 1967,2499 1968,2605 1967,2605 1947,2605 1947,2605 1947,2604 1945,2602 1945,2598 1944,2597 1940,2597 1940,2597 1939,2582 1939,2581 1797,2582 1796,2583 1759,2584 1756,2587 1704,2587 1703,2588 1664,2588 1662,2590 1662,2591 1661,2592 1659,2592 1658,2592 1658,2591 1658,2590 1395,2592 1394,2592 1394,2593 1393,2594 1393,2596 1392,2597 1392,2598 1392,2599 1392,2606 1391,2607 1391,2609 1389,2611 1307,2611 1306,2612 1305,2612 1304,2613 1302,2613 1301,2615 1212,2615 1211,2616 1210,2615 1209,2615 1208,2614 1204,2614 1203,2613 1200,2613 1199,2612 1198,2612 1198,2612 1198,2611 1194,2607 1194,2601 1193,2600 1086,2601 1085,2600 1083,2600 1082,2599 803,2601 800,2604 751,2604 751,2605 751,2616 745,2621 731,2621 731,2621 731,2620 730,2619 724,2619 724,2619 724,2604 723,2603 592,2604 589,2607 583,2607 583,2607 583,2606 582,2605 360,2607 360,2607 360,2622 359,2623 358,2623 356,2625 356,2626 355,2627 353,2627 352,2628"/>
        <TextEquiv index="0">
          <Unicode>Rheineck / Lohr / und Koͤnigshofen aber / in dem</Unicode>
        </TextEquiv>
        <TextEquiv index="1">
          <Unicode>Rheineck / Lohr / und Königshofen aber / in dem</Unicode>
        </TextEquiv>
      </TextLine>
      <TextLine id="l21">
        <Coords points="184,2739 183,2738 183,2626 183,2626 187,2626 188,2626 188,2635 188,2636 253,2635 255,2633 257,2633 258,2632 259,2632 261,2630 265,2630 266,2629 291,2629 292,2630 294,2630 295,2631 297,2631 300,2634 301,2634 305,2638 305,2653 305,2653 320,2653 321,2654 322,2654 323,2655 462,2654 463,2653 473,2653 474,2652 474,2635 475,2634 475,2633 475,2633 481,2633 482,2632 483,2632 484,2631 488,2631 489,2630 493,2630 495,2631 495,2633 495,2634 505,2634 506,2635 507,2635 509,2636 509,2639 510,2640 510,2642 511,2643 511,2652 511,2653 598,2652 599,2652 599,2650 600,2649 600,2648 601,2647 601,2645 602,2644 602,2642 603,2641 603,2640 605,2638 605,2636 608,2632 609,2632 610,2631 616,2631 618,2632 618,2633 619,2634 619,2649 619,2650 715,2649 716,2649 716,2648 717,2647 717,2644 718,2643 718,2640 718,2639 719,2639 720,2638 731,2638 732,2638 732,2622 732,2621 744,2621 745,2622 745,2638 745,2638 784,2638 785,2637 785,2635 786,2634 786,2630 787,2629 787,2628 788,2627 854,2626 855,2627 859,2627 860,2628 861,2628 862,2629 864,2629 865,2630 892,2630 893,2631 894,2631 895,2632 898,2632 900,2634 900,2636 901,2637 901,2646 901,2646 998,2645 999,2645 999,2634 1000,2633 1000,2631 1002,2628 1055,2628 1056,2627 1058,2627 1059,2626 1064,2626 1065,2627 1066,2627 1067,2628 1068,2628 1069,2629 1071,2629 1073,2631 1073,2632 1074,2632 1074,2638 1074,2639 1118,2639 1120,2640 1120,2641 1121,2643 1222,2642 1223,2642 1223,2641 1224,2640 1224,2638 1226,2635 1226,2634 1227,2633 1227,2631 1233,2625 1234,2625 1237,2622 1243,2622 1244,2621 1246,2621 1247,2620 1248,2621 1249,2621 1250,2622 1251,2622 1252,2623 1294,2623 1295,2624 1297,2624 1298,2625 1299,2625 1300,2626 1303,2625 1304,2626 1304,2627 1304,2627 1305,2627 1306,2628 1306,2629 1306,2629 1371,2629 1372,2629 1372,2628 1373,2626 1374,2626 1375,2625 1376,2625 1377,2624 1379,2624 1380,2623 1381,2624 1388,2624 1389,2625 1394,2625 1395,2625 1395,2640 1395,2641 1472,2640 1473,2640 1473,2638 1473,2637 1476,2640 1477,2640 1478,2641 1479,2641 1480,2642 1563,2642 1564,2641 1564,2620 1566,2618 1566,2617 1569,2614 1576,2614 1577,2613 1614,2612 1615,2611 1616,2612 1617,2612 1619,2614 1619,2615 1619,2615 1629,2615 1631,2617 1631,2618 1632,2619 1632,2621 1632,2621 1749,2621 1750,2620 1750,2619 1751,2618 1751,2616 1754,2613 1755,2613 1756,2612 1762,2611 1763,2610 1765,2610 1766,2611 1768,2611 1769,2612 1770,2612 1772,2614 1772,2616 1773,2617 1773,2618 1773,2618 1839,2618 1841,2616 1841,2615 1841,2615 1843,2615 1844,2614 1846,2614 1847,2613 1856,2613 1857,2612 1857,2610 1857,2610 1946,2609 1947,2609 1947,2606 1947,2605 1967,2605 1968,2606 1968,2715 1968,2715 1946,2715 1945,2715 1945,2713 1944,2712 1944,2691 1944,2690 1810,2691 1809,2692 1809,2695 1809,2695 1808,2695 1808,2694 1808,2693 1790,2693 1788,2691 1707,2692 1706,2693 1705,2693 1702,2696 1699,2696 1698,2695 1632,2695 1630,2697 1628,2697 1627,2698 1626,2698 1625,2699 1597,2700 1596,2701 1595,2701 1593,2703 1592,2703 1591,2702 1589,2702 1588,2701 1588,2700 1587,2699 1479,2699 1478,2700 1476,2700 1475,2699 1400,2700 1399,2700 1399,2717 1397,2720 1396,2720 1394,2722 1393,2722 1392,2723 1374,2723 1372,2722 1372,2721 1372,2720 1306,2720 1305,2721 1303,2719 1302,2720 1301,2719 1236,2719 1232,2723 1228,2723 1227,2722 1159,2722 1158,2723 1152,2723 1151,2722 1080,2723 1078,2725 1077,2725 1076,2726 1075,2726 1074,2725 1070,2725 1067,2722 1066,2722 1064,2721 1064,2709 1064,2708 1053,2708 1052,2707 993,2708 991,2706 991,2705 990,2704 936,2704 896,2704 895,2705 893,2705 891,2707 890,2707 889,2708 888,2708 887,2709 877,2709 876,2708 873,2708 869,2705 869,2704 866,2701 866,2700 866,2699 784,2700 783,2700 783,2701 782,2702 782,2714 781,2715 781,2716 780,2717 780,2726 779,2728 776,2728 775,2729 771,2725 771,2724 770,2723 770,2720 769,2719 769,2708 769,2708 704,2708 703,2709 702,2709 701,2710 586,2711 585,2712 582,2712 581,2711 472,2712 431,2712 430,2713 296,2714 295,2715 294,2715 291,2718 291,2719 289,2721 289,2722 288,2723 288,2724 287,2725 285,2725 284,2726 282,2726 281,2727 280,2727 278,2729 277,2729 276,2730 264,2730 263,2729 259,2729 258,2728 188,2729 188,2729 188,2738 188,2739"/>
        <TextEquiv index="0">
          <Unicode>Franckenland / Bericht geſchehen: Und kom̄t</Unicode>
        </TextEquiv>
        <TextEquiv index="1">
          <Unicode>Franckenland / Bericht geſchehen: Und komt</Unicode>
        </TextEquiv>
      </TextLine>
      <TextLine id="l22">
        <Coords points="185,2847 184,2846 183,2739 184,2739 311,2738 312,2739 387,2738 388,2739 395,2739 396,2740 397,2740 398,2741 399,2741 400,2742 406,2742 407,2744 408,2755 408,2755 508,2755 509,2755 509,2756 509,2757 646,2756 647,2755 646,2753 647,2752 647,2750 648,2749 648,2748 649,2747 649,2744 650,2744 656,2744 658,2742 659,2742 661,2740 662,2740 663,2739 665,2739 667,2741 724,2740 727,2744 728,2757 728,2757 776,2757 777,2758 908,2757 909,2756 1034,2755 1035,2755 1035,2754 1036,2752 1110,2752 1110,2751 1110,2742 1112,2741 1119,2741 1124,2736 1126,2736 1127,2735 1128,2735 1129,2734 1136,2734 1137,2735 1139,2735 1143,2739 1143,2749 1144,2750 1320,2748 1320,2748 1320,2746 1321,2745 1321,2744 1328,2737 1384,2737 1384,2736 1384,2735 1385,2735 1386,2735 1387,2734 1437,2734 1437,2733 1437,2732 1440,2730 1443,2730 1444,2729 1445,2729 1446,2728 1450,2728 1451,2727 1454,2727 1455,2728 1456,2727 1458,2729 1459,2729 1462,2733 1462,2735 1463,2735 1591,2735 1593,2732 1593,2730 1594,2730 1596,2730 1599,2727 1600,2727 1603,2724 1604,2724 1605,2723 1629,2722 1630,2721 1637,2721 1638,2720 1639,2720 1640,2721 1643,2721 1644,2722 1646,2722 1649,2725 1795,2724 1801,2718 1813,2718 1814,2719 1944,2718 1945,2717 1945,2716 1946,2715 1968,2715 1968,2716 1969,2819 1968,2819 1942,2819 1942,2819 1942,2799 1941,2798 1798,2799 1797,2801 1797,2802 1796,2803 1796,2812 1795,2813 1795,2818 1793,2819 1689,2820 1689,2820 1689,2821 1688,2822 1688,2823 1685,2826 1682,2826 1682,2827 1665,2827 1663,2826 1662,2826 1660,2824 1660,2823 1659,2822 1659,2812 1658,2811 1616,2811 1613,2808 1442,2810 1442,2810 1442,2821 1440,2823 1434,2823 1433,2821 1433,2819 1432,2818 1432,2811 1431,2811 1373,2811 1371,2809 1244,2810 1243,2811 1243,2812 1241,2814 1241,2817 1240,2818 1240,2820 1238,2822 1237,2822 1237,2822 1237,2823 1235,2825 1232,2825 1231,2826 1231,2827 1230,2828 1229,2828 1229,2829 1227,2829 1226,2830 1145,2831 1144,2832 1142,2832 1141,2833 1140,2833 1139,2834 1134,2834 1132,2836 1131,2836 1130,2835 1127,2835 1126,2834 1125,2834 1124,2833 1123,2833 1122,2832 1121,2832 1120,2831 1120,2817 1119,2817 984,2818 983,2817 801,2818 800,2819 797,2819 796,2820 742,2820 742,2821 742,2830 741,2831 741,2832 740,2833 739,2834 738,2834 736,2836 730,2836 728,2834 724,2834 723,2833 722,2833 719,2831 719,2820 718,2819 584,2820 582,2822 581,2822 580,2823 579,2823 577,2821 377,2823 375,2825 375,2839 374,2841 372,2841 371,2840 370,2840 367,2837 367,2827 366,2827 188,2828 188,2828 188,2846 188,2847"/>
        <TextEquiv index="0">
          <Unicode>Erfurt welches nunmehr zu dieſem Churfuͦr⸗</Unicode>
        </TextEquiv>
        <TextEquiv index="1">
          <Unicode>Erfurt welches nunmehr zu dieſem Churfür⸗</Unicode>
        </TextEquiv>
      </TextLine>
      <TextLine id="l23">
        <Coords points="185,2955 185,2954 184,2847 185,2847 188,2847 188,2847 188,2848 188,2849 1099,2843 1101,2841 1102,2841 1103,2840 1107,2840 1109,2838 1790,2833 1792,2831 1793,2831 1794,2830 1795,2830 1796,2829 1802,2829 1804,2827 1817,2827 1817,2826 1818,2826 1819,2825 1823,2825 1824,2824 1941,2823 1942,2823 1942,2820 1942,2819 1968,2819 1969,2820 1970,2936 1969,2936 1193,2941 1192,2942 865,2944 864,2945 863,2945 862,2946 619,2948 618,2949 446,2950 445,2951 439,2951 438,2952 435,2952 434,2953"/>
        <TextEquiv index="0">
          <Unicode>ſtenthum gehoͤrig / bey Thuͤringen / und Ep⸗</Unicode>
        </TextEquiv>
        <TextEquiv index="1">
          <Unicode>ſtenthum gehörig / bey Thüringen / und Ep⸗</Unicode>
        </TextEquiv>
      </TextLine>
      <TextLine id="l24">
        <Coords points="186,3065 186,3064 185,2955 185,2955 187,2955 188,2955 188,2971 188,2972 261,2971 262,2971 262,2970 265,2967 265,2966 265,2965 266,2965 267,2964 269,2964 270,2964 270,2963 270,2962 272,2962 273,2961 274,2961 275,2960 277,2960 278,2959 279,2959 280,2958 285,2958 286,2959 288,2959 293,2964 362,2964 363,2964 363,2979 363,2980 431,2979 432,2979 432,2954 432,2953 433,2953 434,2954 434,2979 434,2979 440,2979 443,2976 469,2976 470,2975 470,2967 471,2966 471,2965 472,2964 472,2962 473,2961 475,2961 478,2963 478,2966 479,2967 479,2978 479,2979 565,2978 566,2978 566,2972 567,2971 567,2969 568,2968 568,2967 570,2964 571,2964 573,2963 573,2961 574,2959 576,2959 577,2958 578,2958 579,2957 581,2957 582,2956 586,2956 587,2955 588,2955 589,2956 591,2956 592,2957 593,2957 594,2958 594,2966 594,2966 675,2966 677,2964 677,2963 680,2960 682,2960 684,2958 684,2956 685,2955 689,2955 690,2954 691,2954 693,2951 723,2951 724,2952 728,2952 729,2953 731,2953 735,2957 735,2960 736,2961 736,2976 736,2976 788,2976 789,2975 864,2974 865,2974 865,2964 868,2961 868,2960 869,2958 870,2958 872,2960 872,2965 873,2966 873,2975 873,2975 1001,2974 1002,2974 1002,2966 1003,2965 1003,2964 1004,2963 1004,2962 1005,2961 1005,2960 1010,2955 1010,2954 1010,2953 1011,2953 1015,2949 1016,2949 1018,2947 1022,2947 1023,2946 1024,2946 1025,2945 1029,2945 1030,2944 1049,2944 1050,2945 1056,2945 1057,2946 1059,2946 1061,2948 1062,2948 1063,2949 1064,2949 1065,2950 1066,2950 1068,2952 1069,2952 1070,2953 1071,2953 1072,2954 1182,2953 1183,2952 1185,2952 1186,2951 1187,2951 1188,2950 1189,2950 1190,2949 1191,2949 1192,2948 1200,2948 1201,2947 1229,2947 1230,2946 1239,2946 1240,2945 1241,2946 1242,2946 1243,2946 1243,2947 1244,2948 1244,2949 1245,2950 1245,2951 1245,2952 1314,2951 1317,2954 1317,2955 1318,2956 1318,2958 1318,2958 1327,2958 1328,2959 1373,2959 1374,2960 1374,2967 1374,2967 1496,2966 1499,2964 1499,2962 1500,2961 1500,2960 1502,2958 1502,2957 1503,2955 1548,2955 1550,2953 1550,2952 1551,2951 1551,2949 1551,2949 1553,2949 1554,2948 1554,2944 1554,2944 1557,2944 1558,2943 1559,2943 1560,2942 1561,2942 1562,2941 1563,2941 1564,2940 1572,2940 1573,2941 1574,2941 1575,2942 1576,2942 1577,2943 1578,2943 1582,2946 1582,2965 1582,2966 1640,2965 1641,2965 1641,2964 1644,2960 1645,2960 1646,2959 1648,2959 1649,2958 1651,2958 1652,2959 1653,2959 1654,2960 1723,2960 1724,2959 1724,2951 1726,2949 1726,2948 1727,2947 1727,2946 1728,2945 1728,2944 1729,2943 1806,2942 1807,2941 1808,2941 1809,2941 1809,2940 1812,2936 1815,2936 1816,2935 1820,2935 1821,2934 1822,2935 1827,2935 1829,2937 1839,2937 1840,2938 1841,2938 1843,2939 1843,2944 1844,2945 1844,2958 1844,2959 1942,2958 1943,2958 1943,2937 1943,2936 1969,2936 1970,2937 1970,3040 1970,3040 1944,3040 1943,3040 1943,3017 1943,3016 1835,3017 1833,3019 1833,3020 1833,3020 1832,3020 1831,3021 1808,3021 1806,3023 1806,3035 1806,3035 1804,3035 1802,3037 1801,3037 1800,3038 1799,3038 1798,3037 1797,3037 1796,3037 1796,3036 1794,3034 1794,3021 1794,3020 1721,3021 1720,3022 1679,3022 1678,3021 1677,3021 1676,3020 1591,3021 1589,3023 1561,3023 1560,3023 1560,3034 1559,3035 1559,3037 1559,3038 1558,3038 1555,3041 1551,3041 1550,3040 1548,3038 1548,3036 1547,3035 1547,3033 1547,3033 1476,3033 1473,3030 1363,3031 1362,3032 1362,3034 1362,3034 1361,3034 1358,3037 1358,3038 1357,3039 1357,3040 1357,3040 1356,3040 1353,3043 1353,3045 1353,3045 1351,3045 1350,3046 1348,3046 1347,3047 1346,3047 1345,3048 1334,3048 1333,3047 1329,3047 1328,3046 1327,3046 1326,3045 1325,3045 1322,3043 1322,3042 1321,3041 1321,3040 1320,3039 1320,3030 1320,3029 1239,3030 1238,3031 1204,3031 1203,3032 1202,3032 1201,3033 1200,3032 1199,3032 1198,3032 1198,3031 1198,3030 1107,3031 1105,3033 1068,3033 1066,3035 1064,3035 1063,3036 1059,3036 1058,3037 998,3037 996,3036 996,3035 993,3032 915,3032 914,3033 914,3034 913,3035 856,3035 855,3034 791,3035 789,3033 714,3033 713,3034 713,3041 711,3043 711,3051 708,3054 708,3055 707,3056 705,3054 675,3055 672,3052 672,3049 671,3048 671,3043 671,3043 597,3043 596,3044 596,3055 595,3056 590,3056 589,3055 588,3055 584,3052 584,3051 583,3050 583,3049 582,3048 582,3040 582,3039 465,3040 464,3041 401,3041 399,3039 322,3040 321,3041 289,3041 288,3042 267,3042 265,3044 265,3058 262,3061 261,3061 260,3062 188,3063 188,3063 188,3064 187,3065"/>
        <TextEquiv index="0">
          <Unicode>ſtein / in Heſſen ein: Die uͤbrigen / ſo wir fin⸗</Unicode>
        </TextEquiv>
        <TextEquiv index="1">
          <Unicode>ſtein / in Heſſen ein: Die übrigen / ſo wir fin⸗</Unicode>
        </TextEquiv>
      </TextLine>
      <TextLine id="l25">
        <Coords points="187,3172 186,3171 186,3065 186,3065 187,3065 188,3065 188,3077 188,3078 257,3077 259,3079 261,3079 262,3080 263,3080 266,3083 267,3083 269,3085 271,3085 273,3087 274,3087 275,3088 276,3088 277,3089 407,3088 408,3087 409,3087 410,3086 505,3086 506,3085 506,3080 507,3079 507,3077 510,3074 510,3073 512,3071 512,3070 513,3069 513,3068 513,3068 518,3068 520,3069 520,3077 520,3078 643,3077 647,3073 647,3072 649,3070 649,3069 651,3067 652,3067 655,3064 657,3064 658,3063 660,3063 661,3064 671,3064 672,3065 673,3065 674,3066 738,3065 739,3066 743,3066 744,3067 744,3071 744,3071 745,3071 746,3072 746,3083 746,3083 894,3082 895,3082 895,3076 896,3075 896,3074 897,3073 897,3072 898,3070 900,3070 901,3069 902,3069 905,3067 905,3066 906,3065 906,3064 907,3063 907,3060 907,3059 909,3059 911,3061 965,3061 968,3063 968,3065 969,3066 969,3079 969,3080 1204,3078 1205,3078 1205,3077 1206,3076 1206,3075 1207,3074 1207,3073 1208,3072 1208,3070 1209,3068 1211,3068 1212,3067 1281,3067 1282,3066 1282,3063 1288,3057 1289,3057 1290,3056 1291,3056 1294,3053 1295,3054 1304,3053 1305,3055 1305,3056 1306,3056 1308,3056 1310,3058 1372,3058 1373,3059 1374,3059 1375,3060 1375,3074 1375,3074 1540,3073 1541,3072 1541,3061 1541,3061 1544,3061 1545,3060 1545,3056 1545,3056 1592,3056 1593,3055 1595,3055 1596,3054 1641,3053 1643,3051 1645,3051 1646,3050 1649,3050 1650,3049 1653,3049 1653,3050 1653,3051 1654,3051 1696,3051 1697,3052 1698,3052 1698,3052 1699,3067 1699,3068 1881,3067 1882,3066 1881,3054 1882,3054 1887,3054 1891,3050 1892,3050 1893,3049 1894,3049 1895,3048 1899,3048 1900,3047 1943,3046 1943,3046 1943,3041 1944,3040 1970,3040 1970,3041 1971,3150 1971,3150 1948,3150 1947,3150 1947,3143 1947,3142 1911,3143 1910,3142 1908,3142 1907,3141 1906,3141 1905,3140 1904,3139 1904,3138 1903,3137 1903,3128 1902,3128 1772,3128 1771,3129 1770,3129 1769,3130 1666,3131 1666,3132 1666,3148 1665,3149 1665,3150 1665,3150 1663,3150 1661,3152 1659,3152 1658,3153 1651,3153 1650,3154 1648,3154 1647,3153 1646,3153 1645,3152 1642,3152 1641,3152 1641,3151 1640,3150 1640,3149 1639,3148 1639,3132 1638,3131 1502,3132 1501,3134 1423,3135 1422,3135 1422,3136 1421,3137 1421,3138 1420,3139 1420,3144 1419,3145 1419,3146 1419,3147 1418,3147 1416,3149 1415,3149 1414,3150 1413,3150 1410,3153 1408,3153 1407,3154 1405,3154 1404,3155 1287,3156 1285,3158 1282,3158 1280,3156 1279,3156 1278,3155 1278,3144 1278,3144 1183,3144 1182,3144 1182,3142 1182,3141 1141,3142 1140,3141 1085,3141 1084,3140 812,3142 811,3143 748,3143 747,3144 747,3162 744,3165 733,3165 732,3164 731,3164 730,3163 727,3163 726,3162 725,3162 724,3161 644,3162 642,3160 642,3159 641,3158 641,3146 641,3146 188,3149 188,3149 188,3171 188,3172"/>
        <TextEquiv index="0">
          <Unicode>den und erfahren koͤnnen / folgen allhie nach</Unicode>
        </TextEquiv>
        <TextEquiv index="1">
          <Unicode>den und erfahren können / folgen allhie nach</Unicode>
        </TextEquiv>
      </TextLine>
      <TextLine id="l26">
        <Coords points="1962,3268 1961,3267 1953,3267 1953,3267 1953,3260 1952,3259 1893,3260 1892,3259 1891,3259 1890,3257 1890,3238 1889,3238 1765,3238 1764,3240 1764,3241 1762,3243 1761,3243 1760,3241 1760,3239 1759,3239 1589,3240 1588,3241 1585,3241 1585,3240 1585,3239 1584,3239 1451,3240 1450,3241 1400,3241 1397,3244 1313,3244 1312,3245 1230,3246 1229,3247 1228,3247 1227,3248 1226,3248 1225,3249 1224,3249 1223,3250 1218,3250 1217,3251 1215,3251 1214,3252 1211,3252 1210,3253 1209,3252 1207,3252 1206,3251 1205,3251 1204,3250 1203,3250 1202,3249 897,3251 895,3253 891,3253 890,3252 740,3253 740,3254 740,3255 739,3256 739,3257 738,3258 738,3261 735,3263 734,3263 733,3264 731,3264 730,3265 729,3265 729,3265 729,3258 728,3257 575,3258 574,3257 472,3258 470,3256 188,3258 188,3258 188,3275 187,3276 187,3275 186,3172 187,3172 188,3172 188,3172 188,3185 188,3186 229,3186 230,3187 258,3186 260,3188 262,3188 262,3189 262,3190 263,3190 264,3190 264,3191 264,3192 266,3193 268,3193 269,3194 270,3194 270,3195 270,3196 271,3196 415,3195 415,3195 415,3190 416,3189 416,3187 417,3186 417,3185 420,3182 421,3182 424,3179 425,3179 427,3177 427,3176 429,3174 437,3174 438,3173 485,3173 486,3174 487,3174 489,3176 655,3175 657,3173 660,3173 662,3171 665,3171 666,3170 684,3170 686,3168 697,3167 699,3169 702,3169 703,3170 705,3170 708,3174 708,3178 709,3178 951,3177 954,3174 1016,3173 1016,3173 1016,3172 1018,3170 1019,3170 1020,3169 1023,3169 1024,3168 1025,3168 1026,3167 1036,3167 1038,3170 1038,3171 1039,3171 1201,3170 1204,3167 1205,3167 1205,3167 1205,3166 1208,3163 1209,3163 1210,3162 1211,3163 1224,3163 1225,3165 1225,3166 1226,3167 1226,3171 1227,3171 1347,3170 1348,3169 1349,3170 1387,3170 1387,3170 1387,3171 1388,3172 1450,3172 1450,3172 1450,3181 1451,3182 1559,3181 1560,3180 1600,3180 1600,3179 1600,3174 1601,3173 1601,3170 1605,3167 1606,3167 1607,3166 1610,3165 1611,3167 1611,3171 1612,3171 1614,3171 1615,3172 1617,3172 1618,3173 1619,3173 1622,3176 1784,3175 1785,3174 1785,3172 1786,3171 1786,3168 1787,3167 1813,3167 1816,3164 1817,3164 1818,3163 1897,3163 1901,3159 1902,3159 1903,3158 1904,3158 1905,3157 1906,3157 1907,3156 1909,3156 1910,3155 1912,3155 1913,3154 1947,3153 1947,3153 1947,3151 1948,3150 1971,3150 1971,3151 1972,3268 1971,3268"/>
        <TextEquiv index="0">
          <Unicode>dem A B C / damit kein Ort dem andern / deß</Unicode>
        </TextEquiv>
        <TextEquiv index="1">
          <Unicode>dem A B C / damit kein Ort dem andern / deß</Unicode>
        </TextEquiv>
      </TextLine>
      <TextLine id="l27">
        <Coords points="1953,3399 1953,3399 1953,3388 1952,3387 1766,3388 1766,3388 1766,3377 1765,3376 671,3384 670,3385 669,3385 665,3389 479,3390 479,3390 479,3407 478,3408 477,3408 475,3406 474,3406 474,3405 474,3403 473,3402 473,3388 472,3388 455,3388 454,3387 451,3387 450,3386 450,3385 448,3383 448,3381 447,3380 277,3381 274,3378 228,3379 228,3378 228,3377 227,3376 226,3366 226,3366 188,3366 187,3365 187,3276 187,3276 188,3276 188,3281 188,3282 1182,3275 1183,3274 1185,3274 1186,3273 1490,3271 1491,3270 1493,3270 1494,3269 1495,3269 1497,3267 1522,3267 1523,3266 1524,3266 1525,3265 1529,3265 1530,3264 1533,3264 1534,3265 1653,3264 1655,3266 1679,3266 1680,3267 1710,3267 1712,3269 1961,3267 1962,3268 1971,3268 1972,3269 1973,3397 1971,3398 1956,3398 1955,3399"/>
        <TextEquiv index="0">
          <Unicode>Vorzugs halber / neydig ſeyn doͤrffe: Als:</Unicode>
        </TextEquiv>
        <TextEquiv index="1">
          <Unicode>Vorzugs halber / neydig ſeyn dörffe: Als:</Unicode>
        </TextEquiv>
      </TextLine>
      <TextEquiv>
        <Unicode/>
      </TextEquiv>
    </TextRegion>
    <TextRegion id="r2" orientation="0.875" type="paragraph">
      <Coords points="264,6169 236,4078 507,4044 537,3824 1669,3813 1740,3799 1802,3814 1963,3824 1983,6163"/>
      <TextLine id="l28">
        <Coords points="908,3934 907,3933 905,3933 904,3932 902,3932 900,3930 899,3930 898,3929 897,3929 897,3929 897,3927 896,3926 896,3919 895,3918 894,3905 894,3904 853,3905 852,3906 851,3906 851,3906 851,3907 850,3908 849,3908 848,3909 823,3909 822,3908 821,3908 820,3907 818,3907 817,3906 713,3908 712,3909 684,3909 684,3910 684,3911 683,3911 681,3911 680,3910 666,3911 665,3910 610,3910 609,3910 606,3910 605,3909 553,3909 552,3910 550,3910 549,3911 544,3912 543,3911 534,3911 533,3909 532,3907 533,3906 533,3905 534,3904 534,3903 538,3899 538,3898 539,3897 539,3896 540,3895 540,3894 541,3893 541,3890 542,3889 542,3888 543,3888 544,3888 544,3887 544,3880 545,3879 545,3878 549,3874 549,3873 550,3872 550,3870 550,3869 551,3869 552,3869 552,3866 553,3865 553,3862 554,3861 554,3859 555,3858 555,3850 556,3849 556,3848 559,3845 559,3844 561,3841 562,3841 565,3838 569,3838 569,3839 569,3840 571,3842 572,3844 573,3845 573,3850 575,3852 575,3853 576,3854 576,3856 577,3856 577,3859 578,3861 633,3860 634,3860 634,3859 634,3858 637,3858 638,3859 662,3859 663,3860 666,3860 667,3861 728,3860 729,3859 728,3822 729,3822 736,3822 736,3822 736,3832 737,3833 763,3832 765,3830 766,3830 767,3829 768,3829 769,3828 770,3829 774,3829 776,3831 777,3857 777,3858 789,3858 790,3859 838,3858 839,3857 839,3856 840,3855 979,3853 980,3852 1053,3851 1054,3850 1057,3853 1061,3853 1062,3854 1063,3854 1065,3856 1106,3855 1113,3848 1114,3848 1116,3846 1120,3846 1121,3847 1162,3846 1163,3845 1166,3845 1167,3846 1327,3844 1328,3843 1329,3844 1377,3843 1382,3838 1383,3838 1384,3837 1385,3837 1386,3836 1388,3836 1389,3835 1396,3834 1396,3834 1396,3827 1397,3826 1397,3827 1397,3834 1398,3834 1419,3834 1419,3834 1419,3822 1421,3820 1422,3822 1422,3834 1423,3834 1428,3834 1429,3833 1464,3832 1464,3832 1464,3827 1465,3826 1465,3825 1467,3823 1495,3823 1497,3821 1500,3821 1501,3820 1502,3820 1503,3819 1504,3819 1506,3817 1509,3817 1510,3818 1513,3818 1517,3822 1518,3822 1519,3823 1520,3823 1521,3824 1525,3824 1526,3824 1527,3824 1527,3825 1527,3826 1529,3828 1530,3843 1530,3843 1561,3843 1564,3840 1565,3840 1566,3839 1567,3839 1568,3838 1569,3838 1570,3838 1570,3839 1570,3840 1591,3840 1592,3839 1591,3826 1592,3825 1592,3824 1594,3822 1596,3822 1597,3824 1597,3825 1598,3826 1599,3841 1599,3841 1631,3841 1632,3840 1661,3839 1662,3839 1662,3835 1663,3833 1663,3832 1664,3831 1664,3829 1665,3828 1665,3827 1667,3825 1667,3823 1672,3818 1674,3818 1676,3816 1681,3816 1682,3815 1701,3815 1702,3813 1702,3812 1704,3811 1706,3811 1707,3810 1711,3810 1712,3809 1721,3809 1722,3810 1727,3809 1733,3815 1758,3815 1759,3816 1762,3816 1763,3817 1764,3817 1771,3824 1771,3828 1772,3829 1772,3830 1774,3832 1775,3833 1776,3834 1776,3835 1776,3836 1838,3835 1839,3834 1840,3834 1841,3833 1842,3833 1843,3834 1866,3833 1867,3833 1866,3822 1868,3820 1870,3820 1870,3821 1871,3833 1871,3833 1896,3833 1902,3839 1903,3839 1905,3841 1961,3840 1962,3839 1961,3828 1962,3827 1962,3823 1963,3823 1963,3823 1963,3830 1963,3831 1963,3881 1964,3882 1964,3896 1964,3897 1964,3915 1963,3916 1963,3915 1963,3910 1962,3909 1962,3904 1961,3904 1933,3904 1933,3904 1932,3884 1932,3883 1921,3883 1920,3884 1918,3885 1917,3886 1906,3886 1904,3887 1904,3888 1903,3890 1902,3890 1901,3891 1895,3891 1894,3890 1894,3889 1894,3889 1845,3890 1844,3891 1843,3891 1842,3891 1842,3894 1839,3898 1838,3898 1836,3900 1836,3901 1835,3902 1835,3905 1833,3907 1833,3908 1831,3910 1829,3910 1828,3911 1825,3911 1823,3909 1822,3909 1821,3908 1820,3892 1820,3891 1769,3892 1767,3893 1767,3894 1766,3895 1766,3896 1765,3898 1764,3898 1764,3898 1763,3899 1763,3900 1762,3901 1759,3901 1759,3900 1758,3896 1758,3896 1685,3897 1684,3898 1683,3898 1681,3896 1640,3897 1638,3899 1637,3899 1635,3901 1633,3901 1631,3899 1588,3900 1586,3902 1583,3902 1583,3901 1582,3899 1582,3899 1536,3899 1536,3900 1536,3910 1535,3910 1535,3910 1535,3905 1534,3904 1493,3905 1493,3906 1493,3919 1491,3920 1489,3920 1488,3919 1486,3919 1485,3918 1483,3918 1482,3917 1481,3917 1481,3917 1481,3916 1480,3915 1444,3916 1444,3915 1444,3913 1443,3912 1442,3895 1442,3895 1410,3895 1409,3896 1409,3898 1408,3899 1408,3900 1408,3900 1407,3900 1407,3901 1407,3902 1406,3902 1402,3902 1402,3902 1401,3900 1401,3899 1360,3900 1359,3901 1358,3901 1357,3902 1354,3902 1353,3901 1308,3902 1307,3903 1303,3903 1302,3902 1286,3902 1259,3903 1258,3904 1217,3904 1217,3905 1217,3906 1214,3908 1213,3907 1210,3907 1208,3905 1155,3906 1154,3907 1134,3907 1134,3908 1134,3910 1132,3912 1132,3914 1130,3916 1130,3917 1128,3919 1128,3920 1123,3925 1121,3925 1120,3926 1112,3926 1111,3927 1105,3927 1104,3926 1103,3926 1102,3925 1097,3925 1094,3922 1094,3920 1093,3919 1093,3916 1092,3915 1091,3902 1091,3901 985,3903 984,3904 941,3904 941,3905 941,3912 940,3913 940,3918 938,3920 938,3921 937,3921 936,3922 936,3922 936,3923 935,3924 935,3925 934,3926 934,3927 933,3928 932,3928 929,3931 926,3931 924,3933 919,3933 918,3934"/>
        <TextEquiv index="0">
          <Unicode>Amelburgum genannt / iſt ein Meyn⸗</Unicode>
        </TextEquiv>
        <TextEquiv index="1">
          <Unicode>Amelburgum genannt / iſt ein Meyn⸗</Unicode>
        </TextEquiv>
      </TextLine>
      <TextLine id="l29">
        <Coords points="1394,4041 1393,4022 1393,4022 1385,4022 1384,4023 1383,4023 1382,4024 1379,4024 1378,4025 1354,4025 1353,4026 1354,4034 1353,4034 1353,4034 1352,4024 1352,4023 1350,4023 1349,4022 1347,4022 1346,4021 1344,4021 1340,4017 1337,4017 1336,4016 1335,4016 1334,4015 1332,4015 1330,4014 1330,4013 1330,4013 1241,4014 1240,4015 1217,4015 1216,4016 1189,4017 1188,4018 1186,4018 1185,4017 1121,4018 1120,4018 1120,4019 1120,4020 1118,4020 1116,4022 1114,4022 1112,4020 1112,4019 1112,4019 1045,4020 1044,4019 963,4020 962,4021 961,4020 866,4022 865,4023 864,4023 863,4022 827,4022 826,4023 827,4044 826,4045 826,4046 825,4046 823,4046 823,4046 823,4045 822,4044 822,4043 821,4042 820,4023 820,4022 797,4023 795,4025 794,4025 793,4026 782,4026 781,4027 777,4027 776,4028 764,4028 763,4027 757,4027 755,4025 701,4026 700,4027 700,4035 699,4036 699,4037 699,4037 689,4037 688,4038 686,4038 685,4039 682,4037 682,4034 680,4032 680,4027 680,4026 620,4027 619,4028 619,4037 619,4038 619,4042 618,4043 618,4044 617,4044 616,4044 614,4046 612,4046 611,4045 610,4046 610,4045 610,4044 609,4044 608,4044 607,4042 607,4040 606,4040 551,4040 550,4039 549,4039 547,4038 547,4037 546,4036 546,4035 545,4034 545,4032 544,4031 544,4029 544,4029 535,4029 534,4028 533,4028 530,4025 530,4024 527,4021 527,4019 526,4018 526,4016 527,4015 527,4014 528,4013 528,4012 529,4011 529,3981 530,3980 530,3979 531,3978 531,3975 532,3974 532,3973 532,3973 533,3973 540,3966 542,3966 543,3965 545,3964 547,3962 547,3961 548,3960 589,3960 589,3959 589,3954 590,3953 590,3951 591,3950 591,3949 594,3947 619,3946 620,3945 625,3945 627,3943 634,3943 636,3945 680,3944 681,3945 684,3945 685,3946 747,3945 751,3941 754,3941 754,3941 754,3940 755,3939 764,3939 764,3938 765,3938 766,3937 774,3937 777,3939 813,3938 814,3939 815,3939 816,3941 818,3943 818,3944 819,3944 878,3943 881,3940 882,3940 884,3938 886,3938 887,3936 890,3936 893,3939 893,3940 894,3941 894,3946 895,3946 913,3946 914,3947 916,3947 917,3948 917,3949 920,3952 980,3951 981,3949 981,3947 982,3946 982,3945 983,3945 985,3945 988,3941 988,3940 989,3939 989,3938 990,3938 993,3938 994,3939 998,3939 999,3940 1057,3939 1058,3940 1059,3940 1059,3940 1059,3941 1060,3942 1060,3947 1061,3948 1061,3957 1062,3958 1139,3956 1141,3954 1141,3953 1143,3951 1143,3950 1147,3946 1149,3946 1149,3947 1149,3956 1150,3956 1257,3955 1257,3954 1257,3945 1261,3941 1261,3940 1262,3940 1264,3940 1264,3940 1264,3941 1265,3942 1268,3941 1268,3942 1268,3943 1269,3943 1330,3943 1332,3940 1333,3940 1334,3939 1337,3939 1340,3936 1341,3936 1343,3934 1346,3934 1346,3933 1348,3933 1349,3932 1352,3932 1353,3931 1355,3931 1356,3930 1357,3930 1358,3929 1359,3929 1360,3929 1360,3928 1360,3927 1361,3928 1392,3928 1393,3928 1393,3929 1393,3930 1397,3929 1398,3930 1411,3930 1414,3933 1435,3933 1437,3934 1519,3933 1524,3928 1525,3928 1527,3929 1528,3929 1529,3930 1529,3937 1530,3937 1589,3937 1591,3935 1592,3935 1594,3932 1595,3932 1597,3930 1597,3929 1598,3927 1599,3928 1610,3928 1611,3929 1612,3929 1614,3931 1614,3932 1616,3934 1616,3940 1617,3940 1666,3939 1667,3940 1668,3940 1668,3941 1668,3942 1669,3943 1669,3949 1670,3949 1709,3949 1710,3950 1784,3949 1784,3948 1784,3945 1785,3944 1785,3941 1786,3940 1786,3935 1787,3934 1787,3933 1788,3933 1789,3933 1790,3931 1790,3930 1790,3929 1791,3929 1793,3927 1794,3927 1795,3927 1795,3926 1795,3925 1797,3925 1798,3924 1799,3924 1800,3924 1800,3923 1800,3922 1803,3922 1804,3921 1829,3921 1830,3920 1836,3920 1837,3919 1839,3919 1841,3921 1842,3921 1843,3922 1846,3922 1847,3922 1847,3923 1847,3924 1962,3922 1963,3921 1963,3916 1963,3916 1964,3916 1965,4025 1965,4026 1964,4026 1963,4025 1963,4012 1962,4011 1962,3994 1961,3994 1900,3995 1899,3996 1899,3998 1899,3999 1898,3999 1896,4001 1869,4001 1868,4002 1820,4003 1818,4005 1818,4010 1817,4011 1817,4013 1816,4014 1816,4017 1815,4018 1815,4019 1814,4020 1793,4020 1792,4021 1792,4022 1792,4022 1789,4023 1786,4020 1786,4019 1785,4018 1785,4016 1785,4016 1784,4016 1783,4015 1783,4005 1783,4005 1719,4006 1718,4007 1644,4008 1642,4009 1642,4011 1641,4012 1641,4013 1639,4016 1600,4016 1599,4017 1599,4018 1597,4020 1590,4021 1589,4021 1589,4022 1588,4023 1588,4025 1586,4028 1582,4028 1577,4023 1577,4009 1577,4009 1521,4010 1520,4010 1520,4011 1520,4012 1495,4012 1494,4013 1494,4022 1494,4022 1492,4022 1491,4023 1491,4027 1490,4028 1480,4028 1479,4027 1477,4027 1476,4027 1474,4025 1474,4024 1473,4023 1473,4012 1473,4011 1405,4012 1403,4014 1403,4015 1402,4016 1401,4016 1400,4017 1400,4019 1400,4019 1397,4019 1396,4020 1396,4021 1396,4022 1395,4022 1394,4022 1395,4041 1394,4042"/>
        <TextEquiv index="0">
          <Unicode>tziſch Staͤdtlein / und Schloß / auff ei⸗</Unicode>
        </TextEquiv>
        <TextEquiv index="1">
          <Unicode>tziſch Städtlein / und Schloß / auff ei⸗</Unicode>
        </TextEquiv>
      </TextLine>
      <TextLine id="l30">
        <Coords points="541,4160 540,4159 535,4159 534,4158 533,4158 532,4157 532,4155 532,4155 445,4156 442,4154 442,4153 441,4152 441,4150 441,4149 388,4150 387,4149 387,4141 387,4141 291,4142 290,4143 289,4143 288,4144 259,4145 258,4146 251,4146 250,4147 250,4162 250,4162 249,4162 247,4160 246,4160 245,4160 245,4159 244,4158 245,4157 245,4146 247,4144 247,4131 248,4130 247,4093 248,4092 248,4090 249,4089 250,4089 250,4089 250,4088 252,4086 254,4086 255,4085 256,4085 257,4084 259,4084 259,4083 259,4082 261,4081 262,4081 263,4080 267,4080 268,4081 291,4080 292,4081 430,4079 430,4079 430,4070 432,4067 434,4067 438,4063 440,4063 442,4061 444,4061 446,4059 535,4058 536,4057 537,4057 538,4056 542,4056 543,4057 680,4054 681,4054 681,4053 681,4052 682,4052 683,4053 683,4054 683,4054 728,4054 729,4053 729,4050 729,4050 730,4050 730,4055 730,4056 735,4056 736,4056 736,4057 737,4059 740,4059 741,4059 741,4060 744,4063 744,4065 745,4066 745,4067 747,4069 747,4070 748,4070 855,4069 855,4068 901,4067 903,4066 903,4063 904,4062 904,4061 905,4060 905,4059 905,4058 906,4058 908,4056 910,4056 913,4058 913,4066 913,4067 937,4067 938,4067 938,4068 940,4069 1008,4068 1008,4068 1008,4064 1008,4063 1027,4063 1029,4062 1029,4061 1031,4059 1031,4056 1032,4054 1033,4054 1034,4053 1036,4053 1037,4052 1091,4051 1095,4047 1097,4047 1100,4044 1101,4044 1102,4043 1105,4043 1106,4042 1127,4042 1128,4043 1131,4043 1134,4046 1233,4044 1234,4043 1235,4043 1236,4042 1238,4042 1239,4043 1243,4043 1244,4044 1247,4044 1249,4045 1249,4046 1252,4049 1252,4064 1252,4065 1264,4065 1265,4066 1285,4065 1287,4066 1377,4065 1377,4064 1393,4064 1394,4063 1394,4042 1394,4042 1395,4042 1396,4042 1396,4045 1396,4046 1427,4045 1428,4046 1428,4062 1428,4062 1586,4060 1588,4058 1589,4058 1591,4056 1593,4055 1594,4054 1595,4054 1596,4053 1633,4053 1634,4052 1634,4050 1635,4049 1635,4047 1635,4047 1637,4047 1639,4048 1639,4057 1639,4058 1651,4058 1652,4059 1742,4057 1743,4057 1743,4052 1744,4051 1744,4049 1745,4047 1746,4047 1750,4043 1752,4043 1753,4044 1753,4045 1754,4046 1754,4047 1757,4050 1758,4050 1759,4051 1760,4051 1761,4052 1762,4052 1763,4053 1764,4053 1765,4054 1768,4054 1769,4055 1810,4054 1812,4056 1857,4055 1858,4055 1858,4039 1858,4038 1859,4039 1859,4055 1859,4055 1898,4055 1900,4053 1900,4039 1900,4039 1962,4038 1963,4037 1963,4028 1963,4027 1963,4026 1964,4026 1965,4026 1965,4026 1965,4027 1965,4028 1966,4132 1966,4133 1965,4132 1965,4122 1964,4121 1964,4111 1963,4111 1925,4111 1924,4110 1759,4113 1758,4114 1757,4114 1756,4115 1731,4115 1729,4117 1678,4118 1677,4119 1613,4120 1613,4121 1613,4123 1611,4125 1611,4126 1609,4127 1607,4127 1607,4127 1607,4126 1606,4125 1606,4122 1605,4121 1527,4123 1527,4122 1527,4121 1525,4120 1424,4121 1423,4122 1405,4122 1405,4123 1405,4125 1404,4125 1403,4125 1402,4124 1360,4125 1360,4126 1360,4144 1360,4144 1358,4143 1358,4126 1357,4125 1230,4127 1230,4128 1230,4135 1229,4136 1229,4137 1228,4138 1228,4139 1227,4140 1223,4140 1219,4137 1219,4126 1218,4125 1136,4126 1136,4127 1136,4129 1134,4131 1133,4131 1133,4131 1133,4132 1132,4134 1131,4134 1130,4135 1129,4135 1126,4138 1124,4138 1122,4139 1122,4140 1121,4142 1119,4142 1118,4142 1118,4143 1117,4145 1114,4145 1112,4143 1097,4143 1095,4141 1093,4141 1090,4139 1090,4138 1089,4137 1089,4135 1086,4132 1011,4133 1010,4133 1010,4132 1009,4131 886,4133 886,4134 886,4135 886,4135 873,4136 871,4137 871,4139 869,4141 869,4142 868,4143 868,4144 867,4146 865,4146 862,4149 860,4149 859,4150 857,4150 856,4151 855,4151 854,4152 853,4152 852,4151 849,4151 848,4150 837,4150 834,4148 834,4147 831,4144 831,4140 830,4139 830,4133 829,4132 731,4134 730,4135 722,4135 722,4136 642,4137 641,4138 639,4138 637,4136 561,4137 560,4138 560,4153 559,4154 559,4155 556,4158 554,4158 553,4159"/>
        <TextEquiv index="0">
          <Unicode>nem hohen Berg / und Felſen erbauet / und von</Unicode>
        </TextEquiv>
        <TextEquiv index="1">
          <Unicode>nem hohen Berg / und Felſen erbauet / und von</Unicode>
        </TextEquiv>
      </TextLine>
      <TextLine id="l31">
        <Coords points="1408,4258 1408,4258 1408,4256 1407,4255 1365,4256 1365,4256 1365,4254 1364,4253 1231,4255 1230,4254 1228,4254 1228,4254 1228,4239 1227,4238 1008,4241 1008,4242 1008,4244 1006,4245 993,4246 993,4246 993,4253 991,4255 990,4255 988,4257 987,4257 986,4258 984,4258 983,4259 980,4259 979,4260 971,4260 970,4259 966,4259 965,4258 965,4257 964,4256 964,4248 963,4247 563,4253 563,4254 563,4259 561,4261 561,4263 556,4267 422,4269 421,4270 396,4271 395,4272 393,4272 392,4273 390,4273 387,4270 301,4271 300,4270 299,4270 293,4265 293,4264 292,4263 292,4252 291,4251 254,4252 253,4251 252,4251 252,4251 252,4250 250,4248 249,4248 248,4247 245,4247 244,4246 242,4246 241,4245 240,4182 238,4180 238,4179 237,4178 237,4177 237,4176 240,4176 241,4175 243,4175 246,4173 245,4170 247,4168 406,4166 407,4165 647,4161 647,4160 647,4159 648,4159 730,4158 731,4157 733,4157 734,4156 741,4156 742,4157 757,4156 757,4157 757,4159 758,4159 770,4159 771,4160 774,4160 776,4162 1196,4156 1197,4155 1242,4154 1246,4150 1407,4147 1408,4148 1444,4148 1445,4149 1473,4148 1474,4149 1475,4149 1476,4150 1478,4150 1481,4154 1481,4158 1482,4158 1766,4154 1769,4150 1769,4149 1770,4149 1771,4149 1774,4146 1907,4144 1907,4143 1907,4140 1908,4140 1909,4140 1909,4140 1909,4144 1910,4145 1911,4172 1911,4173 1934,4172 1938,4176 1938,4197 1938,4197 1937,4197 1935,4199 1934,4200 1934,4201 1932,4203 1930,4203 1929,4204 1929,4206 1927,4208 1926,4208 1925,4209 1923,4209 1922,4210 1914,4211 1913,4211 1913,4213 1912,4214 1912,4216 1911,4218 1910,4218 1908,4220 1859,4220 1858,4221 1754,4223 1753,4224 1753,4225 1753,4225 1752,4225 1752,4226 1752,4227 1751,4227 1588,4230 1587,4231 1587,4233 1585,4235 1584,4235 1582,4237 1460,4239 1460,4239 1460,4240 1459,4241 1459,4243 1458,4244 1458,4246 1457,4247 1457,4248 1456,4249 1454,4249 1453,4250 1452,4250 1451,4251 1426,4251 1425,4252 1423,4252 1422,4253 1410,4253 1410,4254 1410,4258 1409,4258"/>
        <TextEquiv index="0">
          <Unicode>Heſſiſchem Gebieth / umbſchloſſen / und na⸗</Unicode>
        </TextEquiv>
        <TextEquiv index="1">
          <Unicode>Heſſiſchem Gebieth / umbſchloſſen / und na⸗</Unicode>
        </TextEquiv>
      </TextLine>
      <TextLine id="l32">
        <Coords points="268,4384 267,4383 264,4383 260,4378 259,4364 255,4360 254,4360 252,4359 252,4357 251,4356 250,4293 252,4291 252,4283 253,4282 253,4282 253,4283 254,4284 281,4284 284,4287 285,4303 285,4304 326,4303 327,4304 390,4303 391,4302 390,4289 392,4288 393,4288 394,4287 452,4286 453,4285 454,4285 454,4285 454,4291 455,4292 457,4292 458,4293 459,4293 461,4295 463,4295 465,4297 466,4297 467,4298 577,4296 577,4296 577,4294 586,4285 587,4285 588,4284 589,4284 592,4281 596,4281 597,4280 598,4280 599,4279 600,4279 603,4276 605,4276 607,4274 608,4274 609,4273 611,4273 612,4272 613,4272 619,4272 620,4273 625,4273 626,4274 632,4274 633,4275 666,4275 667,4276 667,4278 668,4279 669,4279 669,4279 669,4289 670,4290 751,4288 751,4288 751,4287 753,4285 753,4284 755,4282 759,4282 760,4283 761,4283 761,4284 761,4285 762,4285 763,4285 765,4287 768,4287 770,4289 834,4288 834,4288 834,4280 835,4279 835,4278 846,4267 847,4267 848,4266 850,4266 850,4265 872,4265 873,4264 873,4263 876,4259 877,4259 878,4258 884,4258 885,4259 886,4259 887,4260 905,4260 906,4261 906,4266 907,4266 932,4266 933,4267 934,4267 935,4268 936,4268 937,4269 938,4269 941,4271 942,4271 942,4272 942,4273 945,4276 945,4277 946,4278 946,4282 948,4284 948,4285 950,4286 1045,4285 1046,4286 1069,4286 1071,4288 1139,4286 1140,4285 1141,4285 1143,4283 1144,4283 1145,4282 1199,4282 1200,4283 1321,4281 1321,4280 1321,4274 1322,4273 1322,4272 1326,4269 1328,4269 1331,4266 1335,4265 1338,4268 1357,4268 1359,4271 1359,4282 1360,4282 1361,4282 1361,4282 1361,4262 1361,4261 1362,4262 1362,4282 1363,4282 1404,4281 1405,4280 1406,4280 1407,4281 1408,4281 1408,4281 1408,4259 1408,4258 1409,4258 1410,4259 1410,4263 1411,4263 1412,4262 1413,4262 1414,4263 1473,4262 1473,4262 1473,4260 1473,4259 1474,4259 1476,4261 1476,4267 1477,4267 1495,4267 1495,4268 1495,4281 1496,4281 1558,4280 1558,4280 1558,4273 1559,4272 1559,4269 1561,4267 1562,4267 1562,4266 1562,4265 1563,4265 1567,4265 1568,4264 1569,4264 1569,4264 1569,4268 1571,4270 1574,4270 1576,4272 1577,4272 1578,4273 1641,4272 1641,4271 1641,4268 1643,4266 1643,4263 1652,4254 1653,4254 1654,4253 1660,4252 1662,4250 1680,4250 1681,4251 1684,4251 1685,4252 1688,4252 1689,4253 1691,4253 1692,4254 1693,4254 1696,4257 1786,4256 1789,4253 1791,4252 1793,4250 1794,4250 1795,4249 1813,4249 1814,4248 1815,4248 1817,4246 1818,4246 1820,4244 1843,4244 1844,4245 1847,4245 1849,4247 1850,4247 1851,4248 1852,4248 1854,4249 1854,4250 1854,4251 1855,4251 1856,4251 1856,4252 1856,4253 1916,4252 1917,4252 1917,4277 1918,4278 1940,4277 1940,4278 1940,4280 1941,4281 1941,4282 1942,4283 1943,4302 1942,4303 1942,4307 1940,4309 1940,4310 1938,4311 1937,4311 1935,4313 1934,4313 1930,4317 1929,4317 1925,4322 1924,4322 1923,4323 1923,4324 1922,4326 1910,4326 1908,4327 1908,4328 1908,4329 1907,4329 1906,4330 1903,4330 1902,4331 1854,4332 1853,4333 1852,4333 1851,4334 1800,4334 1799,4333 1753,4334 1752,4333 1678,4334 1677,4335 1677,4346 1676,4347 1676,4351 1675,4352 1675,4353 1674,4354 1644,4355 1643,4354 1641,4354 1638,4351 1638,4349 1637,4348 1637,4335 1637,4335 1575,4336 1574,4337 1540,4337 1539,4338 1539,4339 1538,4340 1538,4343 1536,4345 1535,4345 1534,4346 1533,4346 1530,4349 1525,4350 1524,4351 1522,4351 1520,4349 1520,4342 1520,4342 1492,4342 1490,4341 1490,4339 1490,4338 1419,4339 1418,4340 1418,4347 1417,4348 1416,4348 1414,4350 1413,4350 1411,4352 1411,4356 1411,4356 1409,4356 1407,4358 1402,4358 1401,4360 1401,4361 1399,4362 1398,4363 1398,4362 1398,4361 1396,4360 1387,4360 1386,4359 1385,4359 1383,4357 1381,4357 1377,4353 1377,4347 1376,4346 1376,4341 1376,4341 1355,4341 1354,4340 1277,4341 1276,4342 1276,4346 1275,4347 1275,4348 1273,4350 1273,4352 1272,4353 1272,4354 1271,4355 1270,4355 1266,4360 1265,4360 1264,4361 1262,4361 1260,4363 1250,4363 1249,4364 1247,4364 1246,4363 1187,4364 1186,4363 1185,4363 1184,4362 1181,4362 1180,4361 1176,4361 1173,4358 1172,4358 1171,4357 1171,4355 1170,4354 1170,4343 1170,4343 1123,4344 1122,4345 1121,4345 1120,4346 1116,4346 1115,4345 1050,4346 1049,4346 1049,4352 1048,4353 1048,4354 1047,4355 1047,4361 1047,4362 1047,4364 1046,4365 1046,4366 1042,4370 1039,4370 1038,4369 1037,4369 1037,4369 1037,4366 1036,4365 1035,4348 1035,4347 938,4349 936,4350 936,4352 936,4353 935,4353 934,4354 933,4353 932,4353 931,4352 899,4352 898,4353 899,4369 898,4369 898,4369 897,4353 897,4352 888,4352 886,4350 855,4351 854,4350 853,4350 852,4349 742,4351 738,4355 691,4355 689,4357 650,4358 648,4360 647,4360 646,4361 642,4361 641,4362 631,4362 630,4363 628,4363 627,4364 626,4364 625,4363 623,4363 622,4362 613,4363 612,4362 612,4361 612,4361 610,4361 609,4360 604,4360 603,4359 602,4359 600,4357 598,4357 597,4356 532,4357 530,4355 467,4356 466,4357 464,4357 463,4358 462,4358 461,4359 371,4360 370,4359 291,4360 289,4362 290,4379 288,4380 276,4381 275,4382 274,4382 273,4383 271,4383 270,4384"/>
        <TextEquiv index="0">
          <Unicode>hend der Stadt Marpurg gelegen; deſſen Na⸗</Unicode>
        </TextEquiv>
        <TextEquiv index="1">
          <Unicode>hend der Stadt Marpurg gelegen; deſſen Na⸗</Unicode>
        </TextEquiv>
      </TextLine>
      <TextLine id="l33">
        <Coords points="1508,4478 1507,4477 1507,4475 1507,4475 1436,4476 1434,4474 1434,4473 1434,4473 1396,4474 1395,4473 1395,4471 1395,4471 1097,4475 1096,4474 1094,4474 1092,4473 1092,4463 1092,4462 647,4469 597,4470 596,4471 513,4472 512,4473 512,4486 510,4488 510,4489 509,4490 508,4490 506,4492 505,4492 504,4493 494,4493 493,4492 492,4492 490,4490 489,4490 487,4489 487,4488 486,4487 486,4471 486,4470 484,4470 483,4470 260,4473 259,4472 258,4472 257,4471 257,4470 256,4469 255,4469 254,4468 254,4467 253,4467 253,4466 252,4465 252,4464 251,4463 250,4414 250,4413 249,4413 247,4412 247,4411 247,4410 244,4410 243,4410 243,4404 240,4401 242,4398 491,4394 492,4393 501,4393 504,4390 846,4385 851,4380 851,4377 851,4377 1295,4370 1296,4369 1488,4366 1489,4366 1489,4364 1489,4363 1621,4361 1623,4359 1626,4362 1631,4362 1632,4362 1632,4363 1633,4364 1633,4366 1633,4367 1822,4364 1823,4365 1825,4365 1828,4367 1828,4368 1829,4369 1829,4380 1829,4381 1891,4380 1892,4381 1950,4380 1951,4381 1951,4382 1950,4382 1892,4383 1892,4383 1892,4384 1908,4384 1909,4385 1910,4385 1912,4386 1912,4388 1913,4389 1913,4392 1914,4393 1941,4392 1942,4393 1943,4393 1944,4395 1944,4399 1943,4400 1943,4418 1942,4419 1942,4420 1942,4420 1941,4420 1941,4421 1941,4423 1938,4425 1936,4425 1935,4427 1935,4428 1933,4429 1932,4429 1931,4430 1930,4430 1929,4431 1928,4431 1928,4432 1928,4433 1927,4433 1926,4433 1925,4434 1924,4434 1924,4435 1924,4436 1923,4437 1921,4437 1920,4438 1920,4439 1918,4441 1893,4441 1892,4442 1890,4442 1889,4443 1859,4443 1858,4444 1834,4445 1834,4445 1834,4458 1833,4459 1833,4460 1829,4465 1827,4465 1826,4466 1518,4471 1517,4471 1517,4477 1517,4478"/>
        <TextEquiv index="0">
          <Unicode>men theils von der Luſtbarkeit deß Orts her⸗</Unicode>
        </TextEquiv>
        <TextEquiv index="1">
          <Unicode>men theils von der Luſtbarkeit deß Orts her⸗</Unicode>
        </TextEquiv>
      </TextLine>
      <TextLine id="l34">
        <Coords points="259,4604 256,4601 256,4600 256,4600 255,4600 254,4600 254,4597 253,4596 253,4588 252,4587 248,4587 247,4586 247,4584 246,4583 244,4583 244,4583 244,4582 245,4581 244,4551 246,4549 250,4549 250,4549 250,4547 251,4546 251,4535 252,4534 252,4527 253,4526 253,4522 256,4518 256,4517 257,4516 257,4515 258,4514 258,4512 260,4510 260,4509 264,4505 265,4505 267,4503 268,4503 270,4501 271,4501 273,4499 274,4499 275,4498 663,4492 664,4491 914,4487 915,4486 1051,4484 1052,4483 1575,4475 1576,4474 1578,4474 1579,4475 1803,4471 1804,4472 1925,4470 1925,4471 1926,4517 1926,4517 1938,4517 1940,4519 1940,4520 1941,4520 1942,4520 1943,4521 1946,4521 1946,4522 1946,4523 1947,4524 1947,4526 1948,4527 1948,4528 1947,4529 1947,4531 1946,4532 1945,4532 1944,4533 1932,4533 1931,4534 1915,4535 1914,4535 1914,4537 1913,4538 1913,4541 1909,4546 1907,4546 1904,4549 1899,4549 1898,4550 1897,4550 1896,4551 1868,4551 1867,4552 1868,4554 1866,4555 1865,4555 1864,4556 1836,4557 1836,4557 1836,4558 1835,4559 1732,4560 1731,4562 1731,4563 1729,4564 1728,4564 1728,4565 1728,4566 1727,4567 1726,4567 1726,4567 1726,4569 1722,4573 1721,4573 1720,4574 1719,4574 1718,4575 1717,4575 1715,4577 1714,4577 1712,4579 1711,4579 1710,4578 1709,4578 1708,4577 1383,4582 1383,4581 1383,4575 1382,4575 1349,4575 1349,4575 1349,4571 1348,4570 377,4585 377,4586 377,4596 376,4597 375,4597 374,4598 374,4600 373,4601 261,4603 260,4604"/>
        <TextEquiv index="0">
          <Unicode>fuͤhren. Aber Nicolaus Serarius lib. 3. Re-</Unicode>
        </TextEquiv>
        <TextEquiv index="1">
          <Unicode>führen. Aber Nicolaus Serarius lib. 3. Re-</Unicode>
        </TextEquiv>
      </TextLine>
      <TextLine id="l35">
        <Coords points="615,4714 614,4713 256,4718 256,4717 254,4622 254,4621 253,4621 252,4620 249,4620 247,4619 247,4614 249,4612 1152,4598 1155,4595 1157,4595 1159,4593 1161,4593 1162,4592 1383,4589 1383,4588 1383,4582 1384,4581 1385,4581 1385,4583 1385,4584 1449,4583 1450,4584 1459,4584 1460,4585 1463,4585 1464,4585 1464,4586 1464,4587 1466,4586 1469,4588 1573,4587 1575,4588 1581,4588 1584,4591 1882,4586 1883,4587 1891,4587 1892,4588 1893,4588 1894,4589 1896,4589 1897,4590 1898,4590 1899,4591 1899,4598 1900,4599 1946,4598 1948,4601 1948,4612 1949,4613 1949,4615 1950,4616 1950,4617 1950,4618 1950,4651 1949,4652 1949,4653 1948,4654 1948,4656 1947,4657 1947,4658 1940,4665 1939,4665 1938,4666 1914,4667 1913,4667 1913,4679 1910,4683 1908,4683 1907,4684 1905,4684 1904,4685 1898,4685 1897,4686 859,4702 857,4704 644,4707 642,4709 640,4709 639,4710 638,4710 636,4712 634,4712 633,4713"/>
        <TextEquiv index="0">
          <Unicode>rum Mogunt. p. 496. ſagt: Daß wir nicht</Unicode>
        </TextEquiv>
        <TextEquiv index="1">
          <Unicode>rum Mogunt. p. 496. ſagt: Daß wir nicht</Unicode>
        </TextEquiv>
      </TextLine>
      <TextLine id="l36">
        <Coords points="268,4821 267,4820 265,4820 264,4819 263,4819 261,4817 261,4816 259,4814 259,4813 257,4811 257,4810 256,4810 256,4782 255,4781 254,4781 254,4781 253,4727 252,4726 250,4726 250,4726 250,4722 252,4719 255,4719 256,4718 1638,4697 1640,4698 1640,4702 1640,4703 1909,4699 1912,4701 1912,4721 1913,4722 1915,4722 1916,4723 1916,4735 1917,4736 1948,4735 1949,4737 1949,4739 1953,4743 1953,4747 1952,4748 1922,4749 1922,4749 1922,4765 1921,4766 1921,4768 1919,4770 1914,4770 1913,4771 1864,4771 1863,4772 1826,4773 1825,4774 1823,4774 1822,4775 1609,4778 1608,4779 1604,4779 1603,4780 1577,4781 1576,4782 1479,4783 1479,4784 1251,4788 1250,4788 1250,4793 1249,4795 1248,4795 1246,4796 1246,4797 1245,4798 1245,4799 1244,4800 1244,4801 1242,4804 656,4813 655,4814 654,4814 653,4815"/>
        <TextEquiv index="0">
          <Unicode>gedencken ſollen / daß ſolcher von der amœni-</Unicode>
        </TextEquiv>
        <TextEquiv index="1">
          <Unicode>gedencken ſollen / daß ſolcher von der amœni-</Unicode>
        </TextEquiv>
      </TextLine>
      <TextLine id="l37">
        <Coords points="248,4826 1954,4800 1955,4907 250,4933"/>
        <TextEquiv index="0">
          <Unicode>tet, oder Luſtbarkeit / ob ſchon etwas darvon</Unicode>
        </TextEquiv>
        <TextEquiv index="1">
          <Unicode>tet, oder Luſtbarkeit / ob ſchon etwas darvon</Unicode>
        </TextEquiv>
      </TextLine>
      <TextLine id="l38">
        <Coords points="1932,5022 1932,5022 1932,5021 1931,5020 1930,5020 1930,5020 1930,5016 1929,5015 1699,5019 1697,5017 1612,5018 1608,5014 1607,5012 1606,5011 1606,5010 1605,5009 1605,5007 1605,5006 486,5024 486,5024 486,5032 483,5035 483,5036 480,5039 475,5039 474,5040 262,5043 262,5043 262,5044 261,5045 258,5045 255,5042 254,5042 254,5042 256,5040 255,5021 256,5020 260,5020 260,5019 260,4968 260,4968 261,4968 263,4966 263,4962 265,4960 265,4957 265,4956 265,4947 267,4946 270,4946 271,4944 271,4942 273,4941 278,4941 279,4940 281,4940 282,4939 994,4928 995,4927 996,4927 998,4925 1003,4925 1006,4922 1008,4922 1009,4921 1031,4920 1032,4921 1034,4921 1035,4922 1036,4922 1037,4923 1398,4918 1398,4918 1398,4921 1399,4922 1746,4916 1747,4917 1750,4917 1751,4918 1756,4918 1757,4920 1757,4925 1758,4925 1854,4924 1854,4924 1854,4928 1855,4929 1856,4929 1858,4931 1860,4931 1862,4932 1863,4932 1864,4933 1866,4933 1867,4935 1867,4936 1868,4936 1934,4935 1934,4936 1934,4938 1935,4938 1973,4938 1973,4938 1973,4942 1972,4943 1973,5009 1973,5010 1973,5021 1972,5022"/>
        <TextEquiv index="0">
          <Unicode>ſeye / herkomme. Dann die alten Heſſen der</Unicode>
        </TextEquiv>
        <TextEquiv index="1">
          <Unicode>ſeye / herkomme. Dann die alten Heſſen der</Unicode>
        </TextEquiv>
      </TextLine>
      <TextLine id="l39">
        <Coords points="844,5149 843,5148 842,5148 839,5146 839,5128 839,5127 787,5128 786,5127 702,5128 699,5125 629,5126 628,5127 628,5140 627,5141 627,5143 626,5144 623,5144 621,5146 619,5147 618,5146 616,5146 615,5145 612,5145 611,5144 609,5144 607,5142 537,5143 536,5142 534,5142 532,5140 532,5136 531,5135 531,5126 531,5126 488,5127 487,5126 436,5126 435,5125 381,5126 380,5127 380,5150 379,5151 374,5151 373,5151 373,5127 373,5126 300,5127 299,5128 297,5128 295,5130 294,5130 293,5129 291,5130 290,5129 287,5129 286,5128 285,5128 276,5119 276,5118 274,5117 265,5117 263,5115 262,5115 262,5114 262,5113 261,5112 261,5111 260,5110 260,5100 261,5099 262,5099 268,5093 274,5093 275,5092 274,5048 273,5048 261,5048 259,5045 259,5045 306,5044 308,5046 308,5048 307,5049 307,5073 308,5073 370,5072 371,5071 371,5070 372,5069 372,5068 374,5066 375,5066 378,5063 438,5062 438,5062 438,5059 439,5058 439,5057 442,5054 442,5053 442,5052 533,5051 535,5049 535,5048 536,5047 539,5047 540,5046 545,5046 546,5045 548,5045 552,5049 604,5048 606,5050 607,5050 609,5051 609,5052 612,5055 612,5066 613,5067 733,5065 735,5062 735,5061 736,5060 736,5059 737,5058 737,5056 743,5050 744,5050 746,5048 749,5047 752,5044 755,5044 757,5042 759,5042 760,5041 795,5041 796,5042 800,5042 801,5043 804,5043 805,5044 808,5044 809,5045 822,5044 823,5045 824,5045 825,5046 825,5047 825,5047 826,5047 828,5049 828,5063 829,5063 891,5062 893,5060 895,5060 897,5062 941,5062 944,5065 1022,5063 1023,5062 1035,5062 1035,5062 1035,5052 1037,5050 1040,5050 1040,5049 1041,5049 1043,5048 1043,5047 1045,5044 1046,5044 1049,5041 1050,5041 1051,5040 1059,5040 1061,5042 1062,5042 1064,5043 1064,5045 1064,5046 1142,5044 1144,5046 1144,5047 1145,5048 1145,5053 1146,5054 1146,5055 1147,5055 1244,5054 1244,5053 1244,5044 1244,5044 1296,5043 1297,5043 1297,5042 1298,5041 1298,5040 1299,5038 1300,5038 1301,5037 1373,5036 1375,5038 1377,5038 1378,5038 1380,5040 1380,5042 1380,5043 1382,5043 1384,5045 1385,5045 1387,5047 1389,5047 1392,5049 1394,5049 1395,5050 1456,5049 1456,5048 1456,5038 1456,5038 1457,5038 1457,5050 1458,5051 1458,5052 1459,5053 1474,5052 1475,5053 1640,5051 1641,5050 1659,5050 1659,5049 1659,5045 1660,5044 1696,5043 1697,5043 1697,5037 1701,5032 1701,5031 1703,5029 1704,5029 1705,5028 1706,5028 1707,5027 1712,5027 1713,5028 1716,5028 1718,5029 1718,5030 1718,5031 1757,5030 1758,5031 1825,5030 1826,5031 1828,5031 1829,5032 1829,5033 1830,5033 1830,5046 1831,5047 1858,5047 1859,5048 1906,5047 1908,5049 1931,5048 1931,5048 1931,5025 1931,5024 1932,5024 1933,5025 1933,5048 1934,5048 1949,5048 1950,5050 1950,5052 1952,5053 1953,5053 1954,5054 1955,5054 1956,5056 1956,5057 1957,5058 1958,5084 1958,5084 1966,5084 1967,5084 1967,5085 1966,5086 1958,5086 1958,5087 1958,5097 1957,5097 1956,5097 1956,5098 1956,5101 1955,5102 1955,5103 1953,5104 1952,5104 1951,5105 1950,5105 1949,5107 1949,5108 1949,5108 1874,5109 1872,5111 1872,5113 1871,5114 1871,5118 1870,5119 1870,5120 1868,5122 1868,5123 1867,5124 1865,5124 1864,5125 1861,5126 1860,5127 1854,5127 1851,5130 1849,5130 1848,5129 1845,5129 1844,5128 1767,5129 1766,5130 1765,5130 1764,5131 1763,5131 1762,5132 1746,5132 1741,5128 1741,5109 1740,5108 1594,5111 1594,5112 1592,5112 1591,5113 1589,5113 1588,5112 1566,5112 1565,5111 1522,5112 1520,5111 1519,5111 1518,5110 1517,5110 1516,5109 1424,5110 1423,5111 1382,5112 1382,5113 1380,5112 1287,5113 1285,5115 1234,5116 1233,5117 1232,5116 1208,5117 1207,5116 1204,5116 1203,5115 1202,5115 1200,5113 1200,5112 1198,5111 1122,5112 1122,5112 1122,5114 1121,5115 1121,5117 1120,5118 1120,5120 1119,5121 1119,5122 1118,5124 1117,5124 1115,5126 1082,5126 1081,5127 1081,5133 1080,5134 1080,5135 1080,5135 1079,5135 1077,5138 1076,5138 1075,5139 1061,5139 1059,5137 1059,5135 1057,5133 1057,5123 1057,5123 894,5125 893,5126 890,5126 889,5127 851,5128 849,5129 849,5136 848,5137 848,5145 845,5149"/>
        <TextEquiv index="0">
          <Unicode>Lateiniſchen Spraach / und der anmuͤhtigen</Unicode>
        </TextEquiv>
        <TextEquiv index="1">
          <Unicode>Lateiniſchen Spraach / und der anmühtigen</Unicode>
        </TextEquiv>
      </TextLine>
      <TextLine id="l40">
        <Coords points="1105,5254 1104,5253 1026,5254 1025,5253 1023,5253 1021,5252 1021,5251 1021,5250 665,5256 664,5255 661,5255 660,5254 658,5254 657,5253 654,5253 648,5248 648,5247 647,5246 647,5241 646,5240 611,5241 611,5240 611,5239 610,5238 610,5237 609,5237 437,5239 436,5238 312,5240 311,5239 309,5239 308,5238 300,5238 300,5238 300,5237 298,5235 294,5235 293,5234 263,5235 263,5235 263,5264 263,5265 262,5265 261,5264 260,5159 259,5159 259,5158 259,5157 295,5156 297,5154 299,5154 300,5153 307,5153 308,5152 323,5152 324,5153 325,5153 326,5154 371,5153 372,5154 372,5158 372,5158 1475,5141 1475,5141 1475,5139 1476,5138 1482,5138 1483,5137 1659,5135 1661,5133 1664,5133 1665,5132 1674,5131 1675,5132 1686,5132 1689,5135 1690,5135 1691,5137 1691,5138 1692,5138 1693,5138 1695,5141 1696,5145 1696,5145 1767,5144 1768,5144 1768,5150 1768,5151 1771,5151 1776,5156 1777,5156 1778,5157 1779,5157 1780,5158 1907,5156 1908,5156 1908,5157 1908,5158 1924,5158 1926,5159 1926,5160 1928,5162 1928,5165 1929,5166 1929,5169 1929,5169 1956,5169 1957,5170 1957,5171 1958,5172 1958,5188 1959,5189 1959,5191 1958,5192 1958,5195 1957,5196 1957,5197 1955,5199 1955,5200 1955,5200 1953,5200 1951,5202 1950,5202 1946,5206 1945,5206 1942,5209 1941,5209 1938,5213 1938,5214 1937,5214 1936,5214 1934,5216 1912,5217 1912,5217 1912,5227 1911,5228 1469,5235 1467,5237 1310,5239 1309,5240 1308,5240 1305,5244 1304,5244 1302,5246 1129,5249 1127,5251 1126,5251 1124,5253 1118,5253 1117,5254"/>
        <TextEquiv index="0">
          <Unicode>Studien / gantz unerfahren geweſen. Vnd ver⸗</Unicode>
        </TextEquiv>
        <TextEquiv index="1">
          <Unicode>Studien / gantz unerfahren geweſen. Vnd ver⸗</Unicode>
        </TextEquiv>
      </TextLine>
      <TextLine id="l41">
        <Coords points="1763,5352 1762,5352 1761,5351 1753,5351 1749,5347 1749,5346 1748,5345 1747,5328 1747,5327 1694,5328 1692,5326 1677,5326 1676,5325 1593,5327 1592,5326 1592,5325 1592,5325 1579,5325 1578,5324 1432,5326 1431,5327 1395,5328 1394,5329 1377,5329 1376,5330 1373,5330 1372,5331 1370,5331 1369,5332 1289,5333 1284,5338 1204,5340 1203,5341 1197,5341 1196,5342 1193,5342 1192,5343 1185,5343 1184,5344 1183,5344 1182,5345 1181,5345 1180,5346 1178,5346 1177,5347 1176,5346 1175,5346 1174,5345 1173,5345 1170,5342 1023,5344 1023,5345 1023,5362 1022,5362 1021,5362 1020,5363 1009,5364 1008,5363 1007,5363 1006,5361 1006,5358 1005,5357 1005,5347 1004,5347 992,5347 991,5346 870,5348 870,5348 870,5352 869,5353 869,5359 868,5360 868,5361 866,5363 866,5364 865,5365 863,5365 861,5363 860,5363 859,5362 797,5363 797,5362 796,5343 796,5343 670,5345 668,5347 668,5348 667,5349 667,5351 666,5352 666,5354 665,5355 665,5357 664,5358 664,5359 662,5361 659,5361 658,5362 654,5362 653,5361 652,5345 652,5344 413,5348 411,5350 411,5355 409,5357 408,5357 407,5358 407,5360 406,5361 406,5362 402,5366 396,5366 394,5363 394,5361 393,5361 278,5363 278,5363 278,5372 277,5373 277,5372 277,5367 275,5366 272,5366 272,5365 271,5339 271,5339 270,5339 269,5338 269,5337 268,5336 267,5272 267,5272 261,5272 260,5271 259,5271 258,5271 258,5269 259,5268 259,5267 261,5265 264,5265 265,5266 265,5267 266,5268 330,5267 330,5267 331,5285 331,5286 332,5286 333,5287 391,5286 392,5287 415,5287 416,5288 528,5286 531,5283 532,5283 534,5281 535,5281 536,5280 538,5280 539,5279 543,5279 544,5280 545,5283 545,5284 675,5282 676,5281 677,5281 679,5279 680,5279 681,5278 683,5278 683,5277 683,5276 684,5276 704,5275 707,5272 709,5272 710,5271 807,5270 808,5268 808,5267 809,5267 812,5267 814,5265 878,5264 879,5265 880,5265 882,5267 1001,5265 1002,5264 1006,5264 1008,5266 1009,5266 1009,5266 1009,5269 1010,5270 1011,5281 1011,5282 1107,5280 1108,5280 1107,5255 1108,5254 1117,5254 1118,5253 1189,5252 1192,5255 1192,5260 1193,5261 1193,5262 1194,5263 1194,5264 1196,5266 1197,5266 1202,5271 1335,5269 1335,5268 1335,5263 1336,5262 1336,5260 1338,5258 1338,5257 1339,5257 1346,5256 1347,5257 1349,5257 1351,5260 1351,5262 1352,5263 1352,5267 1353,5268 1353,5271 1354,5272 1354,5275 1355,5276 1356,5277 1356,5277 1400,5277 1401,5278 1519,5276 1520,5275 1522,5275 1523,5274 1548,5273 1548,5273 1548,5268 1549,5267 1610,5266 1610,5266 1610,5250 1611,5249 1612,5249 1614,5247 1623,5247 1624,5248 1625,5248 1627,5250 1686,5249 1686,5250 1686,5274 1687,5274 1726,5274 1727,5275 1770,5274 1771,5275 1850,5274 1851,5273 1850,5247 1851,5247 1852,5247 1852,5247 1853,5273 1853,5274 1860,5274 1861,5275 1879,5274 1880,5275 1912,5275 1913,5276 1914,5276 1919,5280 1919,5281 1923,5285 1923,5296 1924,5297 1924,5304 1924,5305 1945,5304 1947,5305 1949,5305 1950,5307 1950,5308 1952,5309 1953,5309 1954,5311 1954,5312 1955,5313 1955,5316 1956,5317 1956,5318 1957,5319 1957,5322 1956,5323 1956,5324 1954,5326 1954,5327 1953,5328 1953,5331 1952,5332 1952,5333 1948,5337 1947,5337 1946,5338 1945,5338 1944,5339 1941,5339 1939,5341 1937,5339 1936,5325 1936,5324 1794,5327 1793,5327 1793,5335 1792,5336 1792,5338 1792,5339 1792,5340 1788,5344 1788,5346 1785,5349 1782,5349 1781,5350 1775,5350 1774,5351 1767,5351 1766,5352 1765,5352 1764,5353"/>
        <TextEquiv index="0">
          <Unicode>meynet er / daß ſolcher Ort Amanaburgum,</Unicode>
        </TextEquiv>
        <TextEquiv index="1">
          <Unicode>meynet er / daß ſolcher Ort Amanaburgum,</Unicode>
        </TextEquiv>
      </TextLine>
      <TextLine id="l42">
        <Coords points="1803,5462 1798,5458 1798,5446 1798,5446 1736,5446 1735,5445 1734,5446 1733,5445 1733,5444 1732,5443 1732,5442 1732,5442 1731,5442 1730,5441 1649,5442 1648,5443 1647,5443 1646,5444 1644,5444 1643,5445 1641,5445 1640,5444 1640,5435 1639,5435 1613,5435 1612,5434 1518,5436 1518,5436 1518,5437 1517,5438 1353,5440 1352,5441 1300,5442 1297,5445 1296,5445 1294,5447 1292,5447 1291,5448 1262,5449 1261,5450 1219,5450 1216,5453 1215,5453 1214,5454 1166,5455 1165,5456 1128,5457 1127,5458 1126,5458 1125,5458 1125,5459 1125,5460 1122,5460 1121,5459 1121,5457 1120,5456 1120,5449 1120,5449 1090,5449 1089,5448 963,5450 962,5451 955,5451 954,5452 953,5452 952,5453 872,5455 871,5456 819,5456 818,5457 818,5465 813,5471 812,5471 811,5472 788,5472 787,5473 780,5473 778,5472 778,5458 778,5457 692,5458 691,5459 642,5460 639,5457 569,5458 568,5457 544,5458 543,5457 543,5456 542,5455 542,5454 542,5454 490,5455 489,5454 438,5454 406,5455 405,5456 404,5456 402,5454 341,5455 340,5454 269,5455 268,5455 268,5475 267,5477 265,5477 264,5476 265,5475 265,5473 266,5472 266,5446 267,5445 267,5444 269,5442 268,5410 269,5409 269,5404 271,5402 271,5401 273,5400 274,5400 276,5398 277,5398 277,5397 277,5373 277,5373 278,5373 278,5395 279,5396 283,5396 284,5397 284,5398 285,5399 432,5396 432,5396 432,5389 433,5388 433,5387 436,5384 437,5384 438,5383 442,5383 442,5384 442,5387 444,5388 445,5388 448,5391 449,5391 450,5392 451,5392 453,5394 455,5394 457,5396 600,5394 600,5393 600,5391 601,5390 601,5387 602,5386 602,5384 603,5384 604,5384 607,5381 609,5381 609,5380 610,5380 612,5378 613,5378 618,5373 657,5372 658,5371 659,5371 660,5370 662,5370 663,5371 694,5370 695,5371 704,5371 706,5373 707,5373 710,5376 791,5375 792,5374 792,5373 793,5372 826,5371 827,5372 832,5372 835,5375 835,5393 836,5393 917,5392 920,5389 921,5389 922,5388 924,5388 925,5386 925,5384 926,5384 928,5384 932,5380 934,5380 935,5379 936,5379 936,5378 944,5378 945,5377 946,5377 947,5378 961,5377 963,5378 964,5378 965,5379 966,5379 967,5381 967,5382 968,5382 971,5382 972,5383 973,5383 981,5391 981,5392 982,5393 982,5394 983,5395 983,5396 984,5397 984,5398 985,5399 1010,5399 1011,5400 1099,5398 1100,5397 1167,5396 1168,5395 1173,5395 1174,5394 1196,5394 1196,5393 1196,5381 1198,5379 1198,5377 1200,5375 1200,5374 1200,5374 1202,5374 1203,5373 1204,5373 1205,5372 1208,5374 1208,5380 1210,5382 1213,5381 1214,5382 1217,5382 1219,5384 1223,5384 1225,5386 1226,5386 1227,5387 1355,5385 1356,5384 1356,5383 1357,5382 1357,5380 1358,5379 1358,5375 1359,5374 1359,5373 1360,5371 1361,5371 1362,5370 1364,5370 1365,5369 1368,5369 1369,5368 1370,5368 1371,5369 1373,5369 1374,5369 1374,5370 1375,5371 1375,5372 1376,5373 1376,5379 1377,5380 1377,5384 1379,5386 1379,5387 1380,5388 1380,5389 1381,5390 1534,5388 1535,5387 1537,5387 1538,5386 1541,5385 1542,5384 1545,5384 1546,5385 1563,5385 1564,5386 1569,5386 1570,5387 1611,5386 1612,5387 1614,5387 1617,5391 1617,5394 1618,5395 1618,5398 1619,5399 1620,5413 1620,5413 1704,5412 1705,5411 1706,5411 1709,5408 1708,5376 1712,5373 1713,5373 1715,5370 1716,5370 1718,5368 1720,5368 1722,5366 1724,5366 1726,5364 1728,5364 1730,5362 1735,5361 1738,5358 1747,5358 1749,5360 1749,5361 1749,5361 1811,5360 1812,5361 1813,5361 1814,5362 1816,5362 1820,5366 1820,5380 1821,5380 1950,5378 1951,5377 1951,5375 1954,5372 1957,5372 1957,5373 1957,5374 1956,5375 1956,5385 1953,5388 1953,5389 1952,5390 1952,5392 1951,5393 1951,5394 1950,5395 1950,5396 1949,5397 1949,5399 1948,5400 1948,5402 1947,5404 1947,5405 1946,5406 1946,5408 1944,5410 1944,5412 1942,5414 1942,5416 1941,5417 1941,5420 1940,5421 1940,5424 1937,5427 1937,5432 1936,5433 1936,5436 1934,5438 1934,5439 1932,5441 1932,5443 1931,5445 1930,5445 1927,5442 1824,5443 1823,5444 1823,5454 1823,5454 1822,5454 1817,5459 1811,5459 1810,5460 1807,5460 1805,5462"/>
        <TextEquiv index="0">
          <Unicode>von dem Waſſer Oma, oder Amana, Ohm /</Unicode>
        </TextEquiv>
        <TextEquiv index="1">
          <Unicode>von dem Waſſer Oma, oder Amana, Ohm /</Unicode>
        </TextEquiv>
      </TextLine>
      <TextLine id="l43">
        <Coords points="1519,5580 1519,5571 1519,5571 1458,5572 1457,5571 1455,5571 1453,5569 1453,5565 1452,5564 1452,5558 1451,5558 1372,5559 1371,5560 1370,5560 1369,5559 1368,5559 1367,5558 1258,5560 1255,5563 1226,5563 1225,5562 1086,5564 1084,5566 1083,5566 1082,5567 1081,5566 1080,5567 1079,5566 1036,5566 1033,5563 949,5565 947,5567 943,5567 942,5566 893,5566 892,5565 892,5564 891,5563 777,5565 776,5566 726,5567 726,5567 726,5570 724,5572 723,5572 723,5572 723,5573 721,5575 721,5576 720,5578 718,5578 716,5580 714,5580 713,5581 713,5582 712,5583 710,5583 708,5585 707,5585 706,5586 705,5585 696,5585 693,5582 690,5582 689,5581 688,5582 687,5581 687,5579 686,5578 686,5575 685,5574 685,5573 684,5572 684,5571 683,5571 637,5571 636,5570 636,5569 635,5568 621,5569 620,5567 620,5566 618,5565 511,5566 509,5569 509,5578 508,5579 508,5580 505,5583 504,5583 503,5582 501,5582 500,5582 500,5566 499,5565 468,5566 466,5564 379,5565 379,5566 379,5580 377,5582 376,5582 375,5583 373,5583 371,5582 371,5581 370,5580 370,5568 369,5567 369,5565 368,5564 348,5565 347,5564 268,5565 268,5565 268,5566 266,5568 265,5568 265,5567 265,5566 263,5564 261,5481 260,5480 260,5479 261,5478 262,5478 262,5478 264,5554 264,5555 265,5554 263,5477 264,5477 267,5477 267,5477 269,5553 269,5554 270,5553 269,5499 270,5498 270,5497 270,5497 271,5497 275,5493 275,5492 276,5491 277,5491 278,5490 279,5490 280,5491 281,5491 284,5493 284,5496 284,5497 285,5497 286,5498 287,5498 288,5499 290,5499 291,5500 371,5498 372,5498 372,5493 373,5492 373,5491 374,5490 374,5489 374,5488 377,5488 379,5487 379,5486 379,5485 380,5485 381,5484 385,5484 386,5483 392,5483 394,5485 527,5483 528,5482 529,5482 530,5483 531,5483 535,5487 537,5487 540,5490 544,5490 546,5491 546,5505 546,5506 577,5505 578,5506 657,5505 659,5503 659,5502 660,5501 660,5500 661,5499 661,5497 664,5494 665,5494 666,5495 667,5495 669,5496 669,5502 669,5503 710,5502 713,5505 759,5504 760,5505 778,5505 779,5506 871,5505 872,5506 971,5504 973,5503 973,5502 973,5501 974,5501 975,5500 976,5500 977,5499 979,5499 981,5501 981,5504 981,5504 1013,5504 1014,5504 1014,5505 1014,5506 1112,5504 1113,5503 1137,5503 1138,5502 1138,5495 1139,5494 1139,5493 1140,5492 1140,5491 1140,5491 1141,5491 1142,5490 1143,5489 1143,5488 1143,5488 1147,5487 1148,5488 1149,5488 1151,5490 1151,5494 1151,5494 1152,5494 1154,5496 1156,5496 1157,5497 1158,5497 1160,5499 1162,5499 1163,5500 1164,5500 1165,5501 1252,5500 1253,5499 1268,5499 1269,5498 1269,5482 1270,5481 1271,5481 1271,5495 1271,5496 1376,5494 1377,5493 1377,5481 1378,5480 1379,5480 1380,5479 1383,5479 1386,5476 1393,5476 1395,5478 1454,5477 1456,5478 1456,5479 1457,5480 1457,5481 1458,5482 1458,5487 1458,5488 1504,5487 1505,5488 1505,5490 1506,5490 1506,5491 1506,5492 1604,5490 1605,5490 1605,5489 1607,5487 1607,5484 1609,5482 1609,5479 1610,5478 1610,5477 1612,5475 1612,5474 1613,5472 1615,5472 1616,5472 1616,5471 1616,5470 1617,5470 1618,5469 1620,5469 1620,5469 1620,5468 1622,5466 1623,5466 1624,5465 1626,5465 1627,5464 1628,5464 1629,5463 1637,5463 1638,5462 1641,5462 1642,5463 1654,5463 1655,5464 1656,5464 1657,5465 1661,5465 1662,5466 1663,5466 1664,5467 1667,5467 1667,5467 1667,5468 1675,5475 1675,5476 1676,5477 1676,5478 1677,5479 1677,5480 1685,5488 1685,5492 1686,5493 1794,5492 1795,5491 1795,5486 1796,5485 1796,5483 1797,5482 1797,5481 1798,5480 1798,5479 1798,5479 1799,5479 1802,5476 1802,5475 1803,5473 1806,5473 1809,5471 1809,5470 1809,5469 1813,5469 1814,5468 1817,5468 1818,5467 1912,5466 1912,5465 1912,5464 1913,5464 1913,5464 1914,5470 1914,5471 1915,5471 1916,5471 1916,5475 1916,5476 1928,5476 1930,5478 1931,5478 1932,5478 1932,5481 1932,5481 1933,5481 1934,5482 1936,5482 1937,5483 1942,5483 1945,5486 1946,5486 1947,5487 1948,5487 1951,5490 1952,5490 1955,5493 1955,5494 1958,5497 1958,5498 1959,5499 1959,5500 1960,5501 1960,5502 1961,5503 1961,5518 1959,5520 1959,5523 1958,5524 1958,5527 1957,5528 1957,5531 1955,5533 1954,5533 1954,5534 1954,5535 1953,5536 1953,5537 1949,5540 1948,5540 1944,5544 1943,5544 1942,5545 1941,5545 1940,5546 1939,5546 1938,5547 1935,5547 1934,5548 1842,5550 1841,5551 1841,5553 1840,5554 1840,5555 1838,5557 1837,5557 1837,5557 1837,5558 1835,5560 1833,5560 1831,5563 1831,5564 1830,5564 1829,5564 1828,5565 1827,5565 1826,5566 1825,5566 1824,5567 1818,5567 1818,5568 1766,5569 1765,5570 1765,5573 1765,5573 1764,5573 1764,5552 1763,5551 1753,5551 1752,5550 1751,5550 1750,5549 1663,5551 1662,5552 1660,5552 1659,5553 1652,5553 1651,5554 1649,5554 1648,5555 1646,5555 1644,5553 1520,5555 1520,5555 1520,5580 1520,5581"/>
        <TextEquiv index="0">
          <Unicode>daſelbſten / genannt werden moͤchte. Das Feld</Unicode>
        </TextEquiv>
        <TextEquiv index="1">
          <Unicode>daſelbſten / genannt werden möchte. Das Feld</Unicode>
        </TextEquiv>
      </TextLine>
      <TextLine id="l44">
        <Coords points="1577,5689 1577,5688 1576,5663 1576,5663 1522,5664 1520,5666 1401,5668 1400,5669 1400,5670 1399,5671 1399,5673 1396,5676 1396,5678 1395,5679 1395,5680 1394,5681 1393,5681 1390,5684 1389,5684 1388,5685 1387,5685 1386,5686 1376,5686 1374,5688 1372,5688 1371,5689 1291,5690 1291,5691 1291,5692 1290,5692 1286,5692 1285,5691 1284,5691 1282,5689 1282,5686 1281,5685 1281,5675 1280,5674 1119,5677 1119,5677 1119,5679 1116,5682 1113,5682 1112,5681 1111,5681 1108,5678 983,5680 983,5681 983,5689 982,5690 982,5692 981,5693 981,5694 979,5695 978,5695 977,5696 971,5696 970,5695 968,5695 967,5694 966,5694 964,5692 891,5693 890,5692 824,5693 824,5693 824,5691 823,5690 823,5685 822,5684 822,5676 821,5675 798,5676 797,5675 754,5676 753,5675 656,5676 656,5677 656,5679 655,5679 654,5679 654,5679 654,5676 653,5675 529,5677 529,5677 529,5689 528,5690 528,5693 524,5697 517,5697 516,5696 505,5696 503,5694 501,5694 500,5693 398,5695 397,5694 396,5694 395,5693 393,5693 392,5692 265,5694 264,5695 263,5695 262,5694 262,5691 262,5690 264,5690 265,5689 264,5674 265,5673 265,5672 266,5672 268,5672 269,5670 269,5658 270,5657 270,5621 271,5620 272,5620 273,5619 276,5619 277,5618 278,5618 279,5617 279,5616 279,5616 281,5616 282,5615 325,5614 326,5614 325,5604 326,5603 326,5601 329,5598 332,5598 333,5599 334,5614 334,5615 348,5615 349,5616 492,5613 493,5613 492,5607 493,5606 493,5603 494,5602 494,5601 495,5600 500,5600 501,5599 501,5598 502,5597 503,5597 504,5596 505,5596 506,5595 521,5595 521,5596 521,5597 522,5597 523,5597 524,5599 525,5614 525,5615 582,5614 583,5615 735,5613 736,5612 735,5608 736,5607 736,5606 739,5604 741,5604 743,5601 743,5600 746,5598 747,5598 748,5597 749,5597 750,5596 751,5596 752,5595 845,5593 846,5592 910,5591 911,5592 914,5592 915,5593 916,5593 918,5595 919,5595 920,5596 921,5596 923,5598 1032,5596 1033,5597 1034,5597 1034,5598 1034,5599 1035,5600 1035,5605 1036,5605 1201,5603 1203,5601 1204,5601 1204,5600 1204,5599 1206,5598 1207,5598 1208,5597 1211,5597 1213,5594 1294,5593 1296,5591 1299,5591 1301,5589 1308,5589 1309,5590 1316,5590 1316,5590 1316,5591 1317,5592 1319,5592 1320,5593 1350,5592 1351,5593 1352,5593 1352,5594 1352,5596 1353,5597 1354,5608 1354,5608 1490,5606 1491,5605 1530,5605 1531,5604 1530,5596 1531,5595 1531,5594 1536,5590 1636,5588 1637,5587 1638,5587 1640,5585 1641,5585 1644,5582 1648,5582 1649,5581 1652,5581 1653,5582 1654,5582 1654,5582 1654,5589 1655,5590 1693,5589 1693,5590 1694,5602 1694,5602 1787,5601 1789,5598 1789,5597 1790,5596 1790,5593 1792,5592 1796,5592 1797,5593 1797,5600 1798,5601 1924,5599 1924,5598 1924,5594 1925,5593 1925,5591 1930,5587 1932,5587 1933,5585 1934,5585 1935,5587 1935,5591 1937,5592 1938,5592 1940,5594 1944,5594 1945,5595 1947,5595 1948,5596 1949,5596 1950,5598 1951,5600 1952,5601 1955,5601 1958,5604 1958,5606 1959,5607 1959,5609 1961,5611 1961,5612 1962,5613 1962,5614 1963,5615 1963,5616 1964,5617 1964,5618 1965,5619 1965,5627 1964,5628 1964,5630 1963,5631 1963,5634 1962,5635 1962,5636 1961,5637 1961,5639 1959,5641 1959,5642 1957,5644 1957,5645 1956,5646 1956,5647 1955,5648 1952,5651 1951,5651 1949,5653 1948,5653 1947,5654 1947,5655 1946,5656 1946,5657 1946,5657 1943,5657 1942,5658 1912,5659 1911,5659 1911,5660 1911,5661 1910,5661 1909,5660 1773,5662 1771,5663 1771,5664 1770,5666 1769,5666 1767,5668 1766,5668 1766,5668 1765,5666 1764,5665 1764,5663 1764,5662 1738,5662 1737,5662 1737,5661 1737,5660 1579,5663 1578,5663 1579,5688 1578,5689"/>
        <TextEquiv index="0">
          <Unicode>rings herumb iſt ſchoͤn / luſtig und eben / und</Unicode>
        </TextEquiv>
        <TextEquiv index="1">
          <Unicode>rings herumb iſt ſchön / luſtig und eben / und</Unicode>
        </TextEquiv>
      </TextLine>
      <TextLine id="l45">
        <Coords points="1528,5798 1528,5774 1528,5774 1460,5775 1458,5777 1456,5777 1455,5777 1455,5779 1455,5780 1454,5780 1453,5779 1453,5778 1453,5778 1373,5779 1372,5780 1347,5780 1346,5781 1346,5783 1345,5784 1216,5786 1215,5785 1140,5787 1139,5787 1139,5796 1139,5797 1138,5797 1137,5796 1137,5787 1137,5787 1029,5788 1028,5789 1024,5789 1023,5788 1022,5788 1021,5787 974,5788 973,5787 972,5787 970,5785 915,5786 914,5785 890,5785 888,5783 847,5784 846,5783 724,5785 723,5786 719,5786 718,5787 699,5787 698,5786 686,5787 685,5786 681,5786 679,5784 677,5784 676,5783 592,5784 591,5785 588,5785 587,5784 563,5784 561,5782 431,5784 429,5786 428,5786 427,5786 316,5787 315,5786 314,5786 313,5785 282,5786 280,5784 267,5784 265,5782 265,5762 264,5761 264,5756 262,5755 262,5751 262,5750 265,5750 266,5749 265,5709 265,5709 270,5709 271,5709 271,5710 272,5711 330,5710 330,5709 330,5704 330,5704 331,5704 332,5704 332,5709 333,5710 363,5709 364,5708 415,5708 416,5707 417,5707 419,5705 421,5705 423,5706 423,5711 424,5712 497,5710 498,5711 499,5711 499,5712 499,5713 500,5713 501,5713 505,5717 506,5717 507,5718 508,5718 509,5719 510,5719 511,5720 512,5720 514,5722 515,5722 516,5723 518,5723 519,5724 651,5722 653,5720 653,5719 658,5713 658,5712 663,5708 666,5708 668,5705 671,5705 672,5704 677,5704 679,5702 679,5701 679,5701 680,5701 681,5700 700,5699 701,5700 707,5700 708,5701 715,5701 716,5702 717,5702 719,5704 720,5704 721,5705 810,5704 812,5702 818,5702 820,5703 821,5703 823,5705 823,5711 824,5711 920,5710 922,5708 923,5708 924,5707 925,5707 926,5705 927,5705 932,5709 986,5708 986,5708 986,5709 987,5710 987,5712 988,5713 988,5724 989,5725 1080,5724 1081,5725 1089,5724 1090,5725 1187,5724 1187,5723 1187,5713 1188,5712 1188,5710 1189,5709 1189,5708 1190,5707 1190,5706 1192,5705 1194,5705 1196,5707 1198,5707 1199,5708 1199,5718 1200,5719 1228,5718 1228,5719 1228,5720 1230,5721 1357,5719 1357,5719 1357,5710 1361,5706 1362,5706 1363,5705 1444,5704 1446,5701 1446,5697 1446,5697 1450,5697 1451,5696 1453,5696 1454,5695 1457,5695 1458,5694 1461,5694 1465,5697 1465,5714 1466,5715 1561,5713 1561,5713 1561,5702 1562,5701 1562,5699 1564,5696 1568,5696 1569,5697 1569,5698 1570,5699 1570,5707 1571,5707 1577,5707 1577,5706 1577,5689 1577,5689 1578,5689 1579,5689 1579,5706 1580,5707 1597,5707 1599,5709 1599,5714 1600,5715 1651,5714 1651,5713 1651,5699 1652,5698 1652,5697 1654,5695 1655,5695 1656,5695 1658,5697 1658,5698 1659,5699 1659,5712 1660,5713 1693,5712 1695,5710 1792,5709 1793,5707 1793,5705 1794,5704 1794,5701 1795,5700 1795,5698 1795,5698 1796,5698 1797,5697 1798,5697 1800,5695 1800,5694 1800,5694 1801,5694 1802,5693 1802,5692 1803,5690 1804,5690 1805,5689 1806,5689 1807,5688 1810,5688 1811,5689 1813,5689 1815,5691 1815,5711 1816,5711 1921,5710 1921,5709 1921,5706 1922,5705 1922,5704 1923,5703 1923,5700 1927,5696 1935,5695 1936,5695 1936,5689 1936,5688 1937,5688 1938,5689 1938,5705 1939,5705 1941,5705 1941,5706 1941,5707 1942,5707 1943,5707 1944,5708 1945,5708 1946,5709 1948,5709 1950,5711 1951,5711 1952,5712 1953,5712 1954,5713 1955,5713 1957,5716 1957,5720 1959,5722 1959,5727 1960,5728 1961,5738 1962,5739 1962,5741 1961,5742 1961,5745 1960,5746 1960,5747 1959,5748 1959,5750 1956,5753 1956,5754 1954,5756 1954,5757 1952,5759 1952,5760 1951,5760 1950,5760 1949,5761 1947,5761 1945,5764 1945,5765 1944,5766 1944,5783 1944,5783 1943,5783 1943,5770 1943,5769 1802,5772 1801,5771 1799,5771 1798,5770 1698,5771 1696,5773 1647,5774 1646,5775 1644,5775 1642,5773 1555,5774 1554,5773 1530,5774 1529,5774 1529,5798 1529,5799"/>
        <TextEquiv index="0">
          <Unicode>wird das Staͤdtlein weit und breit im Land</Unicode>
        </TextEquiv>
        <TextEquiv index="1">
          <Unicode>wird das Städtlein weit und breit im Land</Unicode>
        </TextEquiv>
      </TextLine>
      <TextLine id="l46">
        <Coords points="1166,5918 1165,5917 1164,5917 1162,5915 1160,5915 1159,5914 1033,5916 1032,5917 1030,5917 1029,5918 1020,5918 1019,5917 1017,5918 1015,5916 1012,5916 1011,5915 1010,5915 1008,5913 1008,5912 1004,5908 1004,5898 1003,5898 948,5899 947,5898 909,5898 907,5896 906,5896 905,5895 826,5896 826,5897 826,5917 826,5917 825,5917 825,5897 824,5896 799,5897 797,5895 645,5897 645,5898 645,5906 641,5910 639,5910 638,5911 637,5911 636,5912 632,5912 631,5913 629,5913 628,5912 627,5912 626,5912 626,5911 624,5909 624,5897 623,5897 611,5897 611,5896 611,5895 610,5895 552,5896 551,5895 417,5897 417,5897 417,5903 416,5904 416,5906 415,5907 415,5911 413,5914 412,5914 411,5913 409,5913 408,5912 407,5912 406,5911 387,5911 385,5910 385,5905 384,5904 384,5900 383,5899 270,5901 269,5899 269,5895 268,5894 268,5893 267,5892 267,5889 266,5888 266,5887 265,5886 265,5883 266,5882 271,5882 272,5881 271,5873 273,5871 273,5866 274,5865 274,5863 275,5862 275,5820 275,5820 393,5818 394,5817 395,5817 396,5816 400,5816 401,5815 401,5814 401,5814 421,5814 422,5813 443,5812 445,5814 445,5815 445,5815 712,5811 713,5810 714,5810 715,5809 716,5809 717,5808 742,5808 743,5807 744,5807 747,5804 749,5804 750,5803 753,5803 754,5804 759,5803 760,5804 765,5804 770,5809 771,5809 773,5811 798,5811 799,5812 803,5812 804,5813 805,5813 806,5814 807,5814 808,5815 848,5814 850,5816 901,5815 904,5818 904,5837 905,5837 1091,5834 1092,5834 1092,5833 1093,5832 1093,5829 1094,5828 1094,5827 1095,5826 1095,5825 1096,5824 1096,5822 1099,5819 1099,5818 1100,5816 1101,5816 1102,5815 1103,5815 1104,5814 1108,5814 1109,5813 1117,5813 1120,5816 1173,5815 1174,5816 1176,5816 1177,5817 1178,5817 1179,5818 1180,5818 1181,5819 1181,5820 1183,5821 1183,5832 1183,5833 1244,5832 1245,5833 1265,5833 1267,5834 1269,5834 1270,5835 1271,5835 1272,5836 1273,5836 1273,5836 1273,5837 1274,5838 1275,5838 1277,5840 1277,5841 1278,5842 1279,5871 1279,5872 1292,5871 1294,5873 1420,5871 1421,5870 1422,5870 1423,5869 1425,5869 1426,5868 1439,5868 1440,5868 1439,5824 1441,5822 1441,5821 1442,5820 1442,5818 1442,5817 1443,5817 1449,5811 1450,5811 1451,5810 1454,5810 1455,5809 1456,5809 1457,5808 1458,5808 1459,5807 1467,5807 1470,5810 1472,5810 1474,5812 1475,5812 1476,5812 1476,5816 1476,5816 1482,5816 1483,5817 1484,5817 1486,5819 1487,5819 1488,5820 1527,5820 1528,5819 1528,5799 1528,5799 1529,5799 1529,5819 1529,5820 1572,5819 1573,5820 1575,5820 1576,5821 1577,5821 1578,5821 1578,5822 1579,5824 1652,5823 1653,5822 1653,5811 1654,5810 1654,5809 1657,5806 1736,5805 1740,5801 1740,5800 1741,5799 1740,5795 1741,5794 1749,5794 1751,5792 1752,5792 1753,5791 1754,5791 1755,5792 1783,5792 1784,5793 1784,5796 1785,5797 1798,5797 1799,5797 1799,5798 1800,5800 1801,5800 1802,5801 1915,5799 1917,5801 1919,5801 1921,5803 1922,5803 1925,5806 1926,5806 1927,5807 1928,5807 1930,5808 1930,5824 1930,5825 1931,5825 1932,5825 1932,5828 1934,5830 1962,5829 1964,5832 1964,5851 1965,5852 1965,5854 1964,5855 1964,5858 1961,5861 1960,5861 1959,5862 1958,5862 1955,5865 1954,5865 1951,5869 1951,5870 1950,5870 1949,5870 1948,5871 1947,5871 1947,5872 1947,5873 1945,5874 1944,5874 1941,5877 1940,5877 1939,5878 1896,5879 1896,5880 1896,5884 1894,5886 1894,5893 1893,5893 1891,5893 1890,5892 1888,5892 1888,5892 1888,5891 1887,5890 1887,5888 1886,5887 1771,5889 1770,5888 1765,5888 1763,5886 1758,5886 1756,5884 1694,5885 1693,5884 1488,5887 1485,5890 1482,5890 1480,5892 1468,5893 1466,5895 1466,5901 1466,5902 1465,5902 1464,5903 1441,5903 1440,5904 1439,5904 1439,5887 1438,5886 1430,5886 1427,5883 1426,5883 1425,5882 1298,5884 1294,5888 1293,5888 1292,5889 1287,5889 1286,5890 1272,5891 1270,5893 1270,5894 1268,5896 1187,5897 1187,5897 1187,5911 1185,5914 1184,5914 1183,5915 1182,5915 1181,5916 1180,5916 1179,5917 1178,5917 1177,5918"/>
        <TextEquiv index="0">
          <Unicode>auff etliche Meilen geſehen. Hat ein Geiſt⸗</Unicode>
        </TextEquiv>
        <TextEquiv index="1">
          <Unicode>auff etliche Meilen geſehen. Hat ein Geiſt⸗</Unicode>
        </TextEquiv>
      </TextLine>
      <TextLine id="l47">
        <Coords points="1246,6028 1246,6026 1240,6020 1240,6019 1239,6018 662,6027 661,6026 659,6026 656,6023 386,6027 384,6025 272,6027 272,6026 272,6023 272,6023 383,6021 384,6021 384,6020 383,6019 383,6010 382,6009 370,6009 370,6009 370,6006 369,6005 343,6006 342,6005 341,6005 340,6004 340,6003 340,6003 286,6004 284,6002 280,6002 279,6001 277,6001 274,5998 275,5997 275,5996 277,5994 277,5946 279,5944 280,5944 281,5943 281,5942 282,5941 281,5928 283,5927 450,5924 453,5921 454,5921 455,5920 458,5920 459,5919 463,5919 464,5918 466,5918 467,5917 472,5917 473,5918 485,5918 486,5919 488,5919 489,5920 491,5920 492,5921 493,5921 495,5922 826,5917 826,5918 826,5921 827,5921 1470,5912 1471,5913 1937,5905 1937,5906 1938,5951 1939,5952 1939,5956 1940,5957 1940,5958 1941,5959 1941,5968 1942,5968 1957,5968 1958,5969 1959,5969 1960,5971 1960,5973 1961,5974 1961,5975 1962,5976 1962,5977 1961,5978 1961,5978 1960,5978 1959,5979 1959,5982 1959,5982 1956,5982 1955,5983 1936,5983 1935,5984 1935,5985 1935,5986 1934,5987 1933,5987 1931,5988 1931,5989 1931,5990 1929,5992 1928,5992 1925,5995 1924,5995 1923,5996 1922,5996 1921,5997 1920,5997 1919,5998 1917,5998 1915,6000 1914,6000 1913,6001 1909,6001 1908,6002 1901,6002 1900,6003 1896,6003 1895,6004 1891,6004 1890,6005 1756,6007 1755,6008 1753,6008 1751,6010 1750,6010 1749,6011 1627,6013 1625,6015 1277,6021 1276,6022 1273,6022 1271,6024 1266,6024 1265,6025 1260,6025 1259,6026 1250,6026 1249,6027 1247,6027 1246,6028"/>
        <TextEquiv index="0">
          <Unicode>ich Domſtifft / oder Collegial⸗Kirch / zu S.</Unicode>
        </TextEquiv>
        <TextEquiv index="1">
          <Unicode>ich Domſtifft / oder Collegial⸗Kirch / zu S.</Unicode>
        </TextEquiv>
      </TextLine>
      <TextLine id="l48">
        <Coords points="1859,6162 1858,6161 1709,6163 1708,6162 1559,6164 1558,6164 1558,6154 1557,6153 1202,6159 1200,6161 1199,6159 1199,6143 1198,6143 1011,6146 1011,6146 1011,6165 1011,6166 1010,6166 1009,6165 1009,6144 1008,6144 969,6144 969,6144 969,6143 968,6142 967,6123 967,6122 782,6125 781,6126 720,6127 719,6128 720,6156 719,6156 694,6156 694,6157 694,6160 691,6163 690,6163 690,6162 690,6161 689,6161 528,6163 527,6164 526,6164 526,6164 526,6145 525,6144 336,6147 336,6147 336,6148 335,6149 314,6149 314,6150 314,6151 313,6151 275,6152 275,6151 275,6149 273,6148 272,6148 272,6147 272,6145 271,6144 270,6112 269,6111 269,6110 271,6109 272,6109 272,6108 272,6107 274,6106 282,6106 282,6105 281,6041 282,6040 282,6038 286,6034 290,6034 291,6033 294,6033 295,6032 296,6033 304,6032 305,6033 306,6033 307,6034 318,6034 324,6039 346,6039 347,6040 426,6039 427,6040 428,6040 430,6041 431,6041 431,6042 431,6044 433,6045 434,6045 435,6047 435,6059 436,6059 603,6057 603,6056 603,6049 605,6047 605,6046 607,6045 608,6045 608,6044 608,6043 611,6041 613,6041 614,6040 615,6040 617,6042 617,6047 618,6048 774,6045 774,6045 774,6043 775,6042 777,6040 778,6040 778,6040 778,6039 783,6034 784,6034 784,6033 785,6033 787,6031 788,6031 789,6030 791,6030 793,6028 803,6028 804,6029 820,6029 821,6029 821,6030 822,6031 823,6031 824,6032 858,6032 859,6032 859,6033 860,6034 1031,6031 1034,6033 1036,6033 1036,6034 1036,6035 1037,6036 1037,6054 1038,6054 1073,6054 1074,6055 1148,6054 1149,6055 1196,6054 1197,6055 1409,6052 1410,6051 1412,6050 1412,6050 1412,6049 1413,6048 1414,6048 1415,6047 1416,6047 1417,6046 1422,6046 1423,6045 1503,6044 1503,6044 1503,6030 1504,6029 1504,6027 1504,6026 1529,6026 1530,6025 1531,6025 1532,6024 1537,6024 1538,6023 1549,6022 1550,6023 1551,6023 1552,6024 1584,6024 1585,6025 1588,6025 1590,6026 1590,6045 1591,6046 1655,6045 1657,6047 1840,6044 1842,6042 1843,6042 1846,6039 1847,6039 1848,6038 1849,6038 1850,6037 1851,6037 1852,6036 1856,6036 1857,6035 1859,6035 1860,6036 1861,6036 1861,6036 1861,6037 1862,6038 1862,6039 1863,6040 1863,6051 1864,6052 1922,6051 1923,6052 1928,6052 1929,6053 1930,6053 1931,6054 1932,6054 1934,6056 1935,6060 1936,6061 1936,6071 1936,6071 1949,6071 1950,6072 1950,6080 1950,6080 1961,6080 1963,6082 1963,6083 1964,6084 1964,6086 1965,6087 1965,6088 1966,6089 1966,6090 1965,6091 1965,6092 1964,6093 1964,6095 1961,6098 1960,6098 1959,6099 1939,6099 1938,6100 1937,6100 1935,6103 1897,6103 1896,6104 1896,6109 1895,6110 1895,6118 1892,6121 1891,6121 1889,6124 1889,6127 1887,6129 1887,6134 1886,6135 1886,6136 1885,6136 1862,6137 1862,6137 1862,6161 1862,6162"/>
        <TextEquiv index="0">
          <Unicode>Johann dem Taͤuffer genannt. Anno 1632.</Unicode>
        </TextEquiv>
        <TextEquiv index="1">
          <Unicode>Johann dem Täuffer genannt. Anno 1632.</Unicode>
        </TextEquiv>
      </TextLine>
      <TextEquiv>
        <Unicode/>
      </TextEquiv>
    </TextRegion>
    <TextRegion id="r3" orientation="-0.0" type="paragraph">
      <Coords points="241,4057 234,3716 1946,3677 1958,3811 1710,3803 532,3833 525,3893 501,4038"/>
      <TextLine id="l49">
        <Coords points="514,3720 920,3711 921,3710 922,3710 923,3709 1060,3707 1060,3700 1061,3699 1924,3690 1924,3682 1926,3682 1926,3729 1927,3730 1928,3730 1928,3731 1932,3734 1932,3735 1936,3739 1936,3740 1937,3741 1937,3742 1938,3743 1938,3758 1937,3759 1937,3787 1936,3788 1936,3791 1935,3792 1935,3794 1934,3795 1934,3796 1933,3798 1932,3798 1931,3799 1930,3799 1929,3800 1850,3801 1849,3802 1379,3807 1377,3809 1376,3809 1375,3810 1373,3810 1372,3811 749,3818 746,3821 738,3821 736,3823 519,3837 526,3861 519,3835 517,3860 502,3851 516,3812"/>
        <TextEquiv index="0">
          <Unicode>On theils Amœneburg / und Lateiniſch</Unicode>
        </TextEquiv>
        <TextEquiv index="1">
          <Unicode>On theils Amœneburg / und Lateiniſch</Unicode>
        </TextEquiv>
      </TextLine>
      <TextEquiv>
        <Unicode/>
      </TextEquiv>
    </TextRegion>
    <TextRegion id="r4" orientation="0.0" type="paragraph">
      <Coords points="2017,3671 2021,3491 3662,3491 3662,3712"/>
      <TextLine id="l50">
        <Coords points="2044,3491 3618,3491 3618,3694 2044,3694"/>
        <TextEquiv index="0">
          <Unicode>Amorbach / oder Amerbach.</Unicode>
        </TextEquiv>
        <TextEquiv index="1">
          <Unicode>Amorbach / oder Amerbach.</Unicode>
        </TextEquiv>
      </TextLine>
      <TextEquiv>
        <Unicode/>
      </TextEquiv>
    </TextRegion>
    <TextRegion id="r5" orientation="-1.25" type="paragraph">
      <Coords points="1961,3477 1929,421 3088,445 3289,459 3445,442 3642,445 3678,3481"/>
      <TextLine id="l51">
        <Coords points="2683,558 2613,557 2612,556 2612,555 2612,554 2504,552 2503,552 2503,551 2503,550 1979,539 1978,538 1977,538 1977,537 1977,536 1976,535 1976,528 1975,528 1929,527 1929,526 1929,497 1929,496 1929,471 1930,471 1966,471 1966,471 1967,445 1968,444 1968,443 1968,442 1970,442 1971,442 1971,441 1971,440 1977,441 1979,439 1981,439 1982,438 1987,438 1988,437 2030,438 2031,437 2031,427 2033,426 2034,426 2034,425 2034,424 2035,424 2036,424 2036,424 2036,425 2037,426 2643,439 2645,441 2645,448 2645,448 3533,468 3534,469 3537,469 3538,470 3540,470 3543,473 3544,473 3544,473 3544,475 3545,476 3545,490 3546,491 3607,492 3609,495 3609,497 3610,498 3611,498 3615,502 3615,504 3616,505 3615,529 3616,530 3616,541 3617,542 3617,544 3616,545 3616,547 3612,550 3611,550 3609,553 3609,554 3608,554 3519,552 3519,553 3518,569 3517,570 3277,565 3276,566 2966,559 2965,560 2745,555 2744,556 2744,558 2743,559 2685,558 2684,559"/>
        <TextEquiv index="0">
          <Unicode>hat Landgraff Wilhelm auß Heſſen dieſen</Unicode>
        </TextEquiv>
        <TextEquiv index="1">
          <Unicode>hat Landgraff Wilhelm auß Heſſen dieſen</Unicode>
        </TextEquiv>
      </TextLine>
      <TextLine id="l52">
        <Coords points="1931,650 1930,649 1931,634 1930,633 1930,589 1930,588 1930,564 1929,563 1929,543 1929,542 1929,536 1929,536 1930,536 1930,538 1930,539 2028,541 2029,542 2314,548 2315,549 2319,549 2320,550 2354,551 2355,552 2358,552 2360,554 2390,555 2391,556 2391,557 2392,558 3192,575 3195,572 3198,572 3199,571 3200,571 3202,569 3207,569 3208,569 3209,569 3210,568 3212,568 3213,569 3218,569 3219,570 3223,570 3225,572 3255,573 3256,574 3257,574 3257,574 3257,575 3258,576 3258,586 3258,587 3289,587 3290,588 3509,593 3512,596 3511,608 3512,608 3580,610 3581,611 3582,611 3585,614 3585,617 3586,618 3586,638 3586,639 3602,639 3603,640 3608,640 3610,642 3611,642 3614,645 3614,647 3615,648 3615,653 3613,654 3612,654 3610,656 3609,656 3608,657 3605,657 3604,658 3584,658 3583,658 3583,662 3583,663 3581,663 3580,663 3580,664 3579,665 3579,666 3578,667 3578,668 3577,670 3576,670 3572,673 3572,674 3569,676 3567,676 3567,677 3567,678 3565,679 3529,679 3528,680 3524,679 3523,678 3521,678 3520,677 3520,665 3520,664 2709,647 2708,647 2708,649 2707,650 2707,651 2704,654 2704,655 2702,657 2702,658 2702,658 2701,658 2700,659 2697,659 2696,660 2694,660 2693,661 2689,661 2688,662 2686,662 2685,661 2683,661 2682,660 2678,660 2677,659 2673,659 2672,658 2671,658 2670,657 2670,656 2669,655 2669,649 2668,648 2668,646 2668,646 1937,630 1937,630 1936,639 1935,640 1935,648 1934,650"/>
        <TextEquiv index="0">
          <Unicode>Ort mit Accord eingenommen. Anno 1633.</Unicode>
        </TextEquiv>
        <TextEquiv index="1">
          <Unicode>Ort mit Accord eingenommen. Anno 1633.</Unicode>
        </TextEquiv>
      </TextLine>
      <TextLine id="l53">
        <Coords points="2700,773 2698,771 2676,771 2676,770 2676,754 2676,754 2341,747 2340,747 2340,755 2339,756 2336,756 2336,756 2336,763 2335,764 2334,763 2333,764 2281,763 2280,762 2279,762 2277,760 2276,759 2276,758 2275,757 1965,750 1964,751 1937,751 1937,751 1937,754 1936,755 1931,755 1931,754 1932,726 1931,725 1932,680 1931,679 1931,659 1930,658 1930,650 1931,650 1934,650 1935,649 1935,649 1935,650 1936,651 2120,655 2121,656 2307,660 2308,661 2500,665 2501,666 2972,676 2973,675 2976,675 2977,675 3159,678 3160,677 3163,678 3164,679 3165,679 3167,681 3259,683 3260,684 3262,684 3263,685 3271,685 3272,686 3361,688 3362,689 3363,689 3364,690 3365,690 3366,690 3366,691 3366,692 3487,695 3488,695 3488,696 3489,697 3488,708 3489,709 3568,710 3568,711 3568,713 3571,715 3574,716 3575,717 3577,717 3578,718 3613,718 3614,719 3617,719 3617,720 3617,726 3618,727 3617,747 3616,748 3616,752 3614,754 3613,754 3612,755 3607,755 3606,756 3606,757 3606,757 3604,757 3603,758 3602,758 3600,760 3600,761 3600,761 3599,761 3596,764 3591,764 3590,765 3584,765 3583,765 3583,767 3582,768 3582,773 3580,775 3579,775 3578,776 3577,776 3577,776 3577,779 3574,782 3574,783 3573,784 3573,785 3572,786 3572,787 3570,788 3567,788 3566,789 3565,789 3564,790 3509,789 3508,790 3507,790 3508,783 3507,782 3142,774 3142,775 3142,778 3140,779 3137,779 3136,780 3133,780 3132,781 2955,777 2954,778 2720,773 2719,774"/>
        <TextEquiv index="0">
          <Unicode>im Herbſt / eroberte ihn der Obriſte Boͤnning⸗</Unicode>
        </TextEquiv>
        <TextEquiv index="1">
          <Unicode>im Herbſt / eroberte ihn der Obriſte Bönning⸗</Unicode>
        </TextEquiv>
      </TextLine>
      <TextLine id="l54">
        <Coords points="3275,894 3273,893 3273,891 3272,889 3272,880 3271,879 3272,875 3271,875 3234,874 3233,873 3202,872 3202,873 3201,884 3201,884 3194,884 3192,883 3193,873 3192,872 3161,872 3161,872 3161,874 3160,875 3160,874 3160,872 3159,872 3135,871 3134,872 3132,870 3077,869 3077,869 3076,879 3076,880 3027,879 3024,881 3024,882 3024,883 3023,883 3022,884 3021,883 3020,884 3017,884 3016,885 3014,885 3013,886 2979,886 2977,884 2978,875 2977,874 2977,867 2976,867 2951,866 2950,865 2799,862 2752,861 2752,861 2752,870 2751,871 2750,873 2749,874 2749,875 2748,877 2746,876 2745,877 2745,878 2744,879 2743,879 2742,878 2737,878 2736,878 2736,877 2736,876 2663,875 2662,876 2659,876 2658,875 2658,873 2657,872 2658,871 2657,870 2657,860 2656,860 2581,858 2581,858 2581,868 2580,869 2580,868 2580,858 2579,858 2541,857 2541,858 2540,878 2540,878 2538,878 2537,877 2538,857 2537,857 2532,857 2531,858 2492,857 2491,858 2452,857 2452,858 2452,866 2451,866 2450,866 2449,867 2448,867 2448,867 2447,869 2447,870 2446,870 2445,871 2442,871 2441,870 2438,870 2437,869 2436,869 2433,865 2433,854 2432,854 2332,851 2330,849 2309,849 2308,848 2224,846 2224,847 2224,848 2223,849 2223,850 2222,851 2222,852 2220,854 2220,860 2219,860 2218,860 2216,858 2215,858 2214,856 2214,847 2213,847 2123,845 2123,845 2123,847 2122,848 2122,860 2120,862 2119,862 2118,863 2115,863 2114,862 2112,862 2111,861 2110,861 2109,859 2109,845 2108,845 2087,844 2086,843 2001,841 2000,842 2000,860 1997,862 1996,862 1996,863 1996,864 1995,864 1933,863 1933,862 1933,850 1932,849 1932,818 1932,817 1932,772 1932,771 1932,755 1932,755 1936,755 1937,755 1937,759 1937,760 1974,761 1975,762 1992,762 1994,764 1995,764 1997,766 1996,782 1997,782 2061,784 2063,782 2108,783 2108,782 2108,780 2110,778 2111,773 2113,771 2113,770 2116,767 2118,767 2119,766 2122,766 2124,764 2126,764 2127,763 2130,763 2131,762 2134,762 2135,763 2137,763 2138,764 2139,764 2141,766 2141,767 2142,768 2142,774 2142,774 2246,777 2248,775 2248,774 2248,774 2249,774 2252,777 2266,777 2269,780 2270,780 2271,781 2272,781 2274,783 2275,783 2276,784 2277,784 2278,785 2279,785 2280,786 2281,786 2282,787 2416,790 2416,790 2416,786 2417,785 2417,784 2420,781 2422,781 2424,779 2425,779 2425,779 2425,778 2428,776 2430,776 2431,775 2477,776 2480,773 2483,773 2486,770 2486,767 2486,767 2528,768 2529,767 2552,767 2554,769 2555,769 2567,782 2567,783 2568,784 2568,785 2569,786 2569,787 2570,788 2570,789 2571,790 2571,791 2572,792 2572,794 2573,795 2659,797 2659,796 2659,794 2660,793 2660,789 2661,788 2661,787 2662,786 2662,785 2666,782 2667,782 2668,780 2669,779 2669,779 2670,779 2671,778 2672,778 2673,777 2676,777 2677,776 2677,771 2677,771 2679,771 2680,772 2680,777 2680,777 2682,777 2683,778 2684,778 2685,779 2687,779 2688,780 2728,781 2729,781 2729,776 2730,774 2731,774 2732,775 2732,781 2732,781 2736,781 2737,782 2738,782 2739,783 2741,783 2742,785 2742,800 2743,800 2813,802 2813,801 2813,792 2815,791 2816,791 2823,784 2824,784 2826,782 2829,782 2830,781 2835,781 2836,782 2837,782 2839,785 2839,788 2840,789 2879,789 2879,790 2879,791 2880,792 2880,795 2881,795 2882,795 2883,796 2885,797 2886,798 2888,798 2889,799 2890,799 2891,800 2892,800 2894,802 2982,804 2982,803 2982,794 2983,793 2983,792 2984,791 2984,789 2987,787 2988,787 2988,786 2988,785 2990,784 2995,784 2996,783 3004,783 3005,782 3006,782 3007,783 3017,783 3019,785 3020,785 3022,787 3038,788 3039,789 3040,789 3041,790 3046,790 3046,791 3046,792 3047,793 3047,802 3049,804 3049,808 3049,808 3087,809 3088,810 3156,811 3157,810 3158,810 3159,810 3167,810 3168,810 3168,811 3168,812 3183,812 3184,813 3265,815 3266,814 3266,804 3271,800 3274,800 3274,800 3274,798 3276,796 3282,796 3283,795 3284,795 3285,794 3291,794 3292,795 3293,795 3295,798 3295,800 3296,801 3296,814 3296,814 3397,817 3399,815 3399,814 3399,814 3450,815 3452,813 3452,811 3453,810 3453,808 3455,807 3459,807 3460,809 3460,815 3460,815 3515,816 3516,816 3516,796 3517,795 3517,796 3517,816 3517,816 3544,817 3545,816 3545,806 3550,802 3551,802 3552,804 3552,810 3553,811 3553,819 3553,819 3581,820 3583,821 3583,823 3584,825 3613,825 3616,828 3615,849 3616,850 3616,853 3615,854 3615,858 3615,858 3614,858 3611,860 3610,860 3610,861 3610,862 3608,863 3607,863 3606,864 3605,864 3603,867 3603,868 3602,868 3601,868 3600,869 3598,869 3596,871 3595,871 3594,872 3594,873 3593,874 3592,875 3591,875 3589,877 3568,876 3567,877 3434,875 3434,875 3434,880 3432,881 3432,883 3432,883 3428,883 3426,882 3427,880 3426,879 3393,879 3392,878 3388,878 3387,876 3370,876 3369,875 3350,875 3350,875 3349,881 3348,883 3299,882 3298,882 3298,888 3294,892 3294,893 3293,894"/>
        <TextEquiv index="0">
          <Unicode>hauſen / durch Vorſchub der Innwohner / wie⸗</Unicode>
        </TextEquiv>
        <TextEquiv index="1">
          <Unicode>hauſen / durch Vorſchub der Innwohner / wie⸗</Unicode>
        </TextEquiv>
      </TextLine>
      <TextLine id="l55">
        <Coords points="2993,999 2993,975 2993,975 2968,974 2967,975 2967,976 2966,977 2941,977 2940,977 2940,982 2939,983 2939,984 2939,985 2938,985 2937,986 2936,986 2933,988 2933,990 2932,991 2928,991 2927,991 2926,991 2925,992 2924,992 2922,990 2920,990 2918,987 2917,987 2852,986 2851,986 2851,987 2851,988 2848,988 2846,989 2800,988 2798,989 2769,988 2768,989 2763,989 2762,988 2760,988 2759,986 2759,976 2759,976 2695,974 2694,975 2686,975 2685,976 2685,986 2685,986 2677,986 2671,980 2671,979 2670,978 2670,967 2670,967 2599,965 2598,966 2549,965 2548,966 2548,989 2547,989 2544,989 2544,989 2544,966 2544,965 2486,964 2485,964 2485,967 2484,968 2484,970 2483,971 2483,974 2482,976 2480,976 2478,978 2477,978 2476,977 2458,976 2456,974 2453,974 2452,974 2452,964 2452,963 2364,961 2363,962 2360,962 2359,961 2286,959 2284,961 2226,960 2225,961 2224,960 2180,959 2179,958 2162,958 2161,956 2161,953 2160,953 2109,952 2108,953 2106,953 2105,954 2049,952 2048,951 1989,950 1978,950 1977,951 1938,950 1938,950 1937,967 1936,968 1936,972 1936,973 1935,973 1934,972 1935,955 1934,954 1934,946 1933,945 1934,909 1933,908 1934,863 1934,863 1937,863 1938,863 1937,867 1938,868 1938,877 1939,878 1975,879 1979,883 1979,884 1981,886 1986,886 1987,888 1988,888 1989,889 2054,890 2055,891 2108,893 2109,893 2109,895 2109,896 2110,896 2112,898 2113,898 2115,899 2115,900 2116,902 2117,902 2118,902 2117,931 2118,932 2178,933 2179,932 2181,932 2182,931 2183,888 2184,887 2184,886 2185,885 2185,876 2186,875 2192,875 2193,874 2194,874 2195,873 2195,873 2195,872 2197,871 2199,871 2200,870 2201,870 2202,869 2208,869 2209,868 2220,868 2221,867 2222,868 2232,868 2233,869 2234,869 2234,870 2234,871 2236,872 2237,872 2238,873 2245,874 2246,875 2247,875 2248,876 2249,876 2249,876 2249,877 2251,879 2252,880 2253,880 2259,886 2259,887 2260,888 2260,889 2264,893 2264,894 2266,897 2328,898 2330,900 2402,902 2403,901 2449,902 2450,902 2450,901 2451,900 2451,898 2452,897 2452,896 2454,894 2454,893 2455,892 2455,891 2456,890 2457,890 2459,888 2460,888 2463,885 2463,884 2464,883 2465,883 2468,880 2469,880 2472,878 2502,878 2503,877 2540,878 2540,879 2540,887 2541,887 2581,888 2584,891 2584,904 2584,905 2619,906 2620,905 2620,884 2621,884 2658,885 2658,884 2658,882 2659,882 2659,882 2659,884 2660,885 2683,885 2685,887 2686,887 2687,889 2687,897 2687,897 2701,898 2702,899 2767,900 2768,899 2768,898 2769,898 2769,897 2776,890 2777,890 2778,889 2779,889 2780,888 2784,888 2785,887 2786,887 2787,886 2791,886 2792,886 2806,886 2808,884 2809,884 2809,884 2809,885 2810,886 2811,886 2812,887 2816,887 2817,888 2818,888 2819,889 2821,889 2823,891 2860,892 2861,893 2921,894 2925,899 2925,907 2925,907 2932,908 2933,908 2933,914 2933,915 2971,915 2972,916 3036,918 3037,917 3037,910 3038,909 3038,908 3039,907 3041,907 3043,905 3044,905 3045,904 3097,905 3099,903 3100,903 3101,903 3101,902 3101,901 3154,902 3155,901 3158,902 3159,901 3160,901 3162,900 3168,900 3168,901 3172,901 3177,905 3177,920 3177,921 3213,922 3214,923 3215,923 3216,923 3215,924 3216,925 3279,926 3279,926 3280,918 3280,917 3282,917 3283,916 3284,916 3286,914 3287,914 3288,913 3290,913 3291,912 3292,912 3293,912 3293,911 3297,907 3298,907 3299,906 3300,906 3301,905 3303,905 3305,903 3307,903 3309,901 3309,900 3311,899 3319,899 3319,900 3319,903 3320,904 3320,906 3321,907 3321,910 3324,913 3324,914 3325,915 3327,915 3329,917 3334,917 3336,919 3339,919 3340,920 3405,922 3406,921 3407,921 3408,920 3409,920 3410,919 3475,920 3476,920 3476,919 3479,916 3479,914 3479,914 3480,914 3482,912 3485,912 3486,911 3486,910 3487,909 3488,909 3489,908 3490,908 3492,906 3499,906 3500,907 3501,907 3502,907 3502,908 3503,910 3503,918 3503,918 3554,919 3555,920 3555,926 3555,926 3583,927 3584,928 3584,930 3585,931 3585,935 3586,936 3615,936 3616,938 3616,940 3617,941 3617,965 3616,966 3616,969 3613,972 3613,973 3612,973 3610,973 3609,974 3608,974 3607,975 3605,975 3604,976 3603,976 3600,979 3599,979 3596,982 3596,983 3595,984 3592,984 3590,986 3582,986 3581,986 3581,1002 3580,1003 3579,1003 3579,1002 3579,986 3579,986 3578,986 3577,986 3577,997 3576,998 3576,997 3576,986 3576,986 3564,985 3561,988 3463,986 3462,985 3370,983 3369,984 3369,991 3369,991 3368,991 3367,991 3367,984 3367,983 3326,982 3325,983 3319,983 3318,984 3317,984 3316,985 3315,985 3314,986 3313,986 3312,987 3302,987 3301,987 3301,991 3301,992 3300,991 3300,985 3300,985 3236,983 3235,982 3234,982 3233,981 3158,980 3157,980 3157,981 3156,982 3156,988 3154,990 3154,991 3151,993 3150,992 3149,992 3149,992 3149,991 3148,990 3148,989 3147,988 3147,987 3146,985 3117,985 3116,984 3116,979 3116,979 3094,978 3093,977 3092,977 3091,976 3015,974 3014,975 2995,975 2994,975 2994,999 2993,1000"/>
        <TextEquiv index="0">
          <Unicode>der: Darauff die Heſſiſchen dieſen Ort aber⸗</Unicode>
        </TextEquiv>
        <TextEquiv index="1">
          <Unicode>der: Darauff die Heſſiſchen dieſen Ort aber⸗</Unicode>
        </TextEquiv>
      </TextLine>
      <TextLine id="l56">
        <Coords points="2842,1104 2841,1103 2842,1102 2841,1101 2841,1099 2840,1099 2274,1086 2273,1085 2270,1085 2269,1084 2258,1084 2257,1083 1935,1076 1935,1075 1936,1041 1935,1041 1934,1041 1934,1040 1934,1001 1934,1000 1934,973 1935,973 2488,985 2490,984 2495,984 2496,983 2497,983 2498,985 2498,987 2498,987 2501,987 2502,988 3287,1005 3288,1006 3288,1009 3288,1009 3294,1009 3295,1011 3296,1011 3297,1012 3452,1015 3453,1015 3453,1016 3453,1017 3454,1017 3455,1017 3454,1020 3455,1021 3479,1022 3479,1022 3479,1026 3481,1028 3482,1028 3483,1029 3487,1029 3488,1030 3489,1030 3490,1031 3491,1031 3493,1033 3494,1033 3495,1034 3565,1035 3565,1036 3565,1037 3566,1037 3585,1038 3586,1039 3586,1041 3587,1042 3587,1043 3587,1044 3616,1045 3617,1046 3618,1046 3619,1046 3619,1053 3620,1054 3620,1064 3620,1065 3621,1065 3622,1065 3621,1073 3620,1074 3620,1076 3617,1080 3615,1079 3612,1082 3612,1083 3612,1083 3611,1083 3609,1085 3607,1085 3606,1086 3604,1086 3602,1088 3598,1088 3596,1089 3595,1089 3594,1091 3594,1092 3590,1095 3567,1094 3565,1096 3444,1094 3443,1095 3421,1094 3420,1095 3365,1094 3365,1095 3365,1109 3363,1110 3362,1110 3360,1112 3359,1112 3357,1114 3350,1114 3349,1115"/>
        <TextEquiv index="0">
          <Unicode>mals angegriffen / und einen groſſen Theil dar⸗</Unicode>
        </TextEquiv>
        <TextEquiv index="1">
          <Unicode>mals angegriffen / und einen groſſen Theil dar⸗</Unicode>
        </TextEquiv>
      </TextLine>
      <TextLine id="l57">
        <Coords points="3496,1226 3496,1205 3496,1205 3458,1204 3456,1206 3456,1209 3454,1211 3454,1213 3452,1214 3452,1215 3451,1216 3451,1217 3451,1218 3386,1217 3385,1218 3384,1217 3383,1218 3382,1217 3379,1217 3378,1217 3378,1203 3378,1202 3277,1200 3276,1201 3276,1202 3276,1202 3190,1200 3189,1201 3189,1204 3189,1204 3188,1204 3187,1204 3187,1203 3186,1202 3187,1197 3186,1196 3077,1194 3077,1194 3076,1197 3076,1198 3046,1197 3045,1198 3045,1201 3044,1202 3043,1202 3042,1202 3042,1200 3042,1199 3041,1199 3040,1199 3041,1194 3040,1193 2939,1191 2939,1191 2939,1192 2938,1193 2935,1193 2934,1194 2871,1192 2871,1193 2870,1209 2870,1209 2859,1209 2858,1209 2858,1207 2858,1206 2794,1205 2792,1203 2792,1202 2790,1200 2790,1194 2790,1193 2790,1189 2789,1189 2686,1186 2685,1185 2582,1183 2581,1184 2579,1181 2579,1180 2578,1180 2479,1178 2478,1179 2450,1178 2449,1179 2447,1179 2446,1180 2366,1178 2366,1179 2366,1180 2359,1187 2359,1189 2357,1190 2356,1190 2354,1192 2351,1192 2350,1193 2348,1193 2347,1194 2295,1193 2294,1194 2293,1194 2292,1195 2289,1195 2287,1197 2285,1197 2284,1195 2282,1195 2281,1194 2280,1194 2276,1191 2277,1188 2276,1187 2276,1182 2275,1181 2275,1180 2274,1179 2267,1179 2266,1178 2264,1178 2264,1178 2264,1177 2263,1176 2174,1174 2172,1172 2172,1171 2171,1170 2065,1168 2064,1169 2064,1170 2062,1172 2062,1174 2061,1175 2061,1177 2060,1178 2060,1179 2059,1180 2059,1181 2058,1182 2055,1182 2054,1182 2054,1182 2054,1173 2053,1172 2040,1172 2039,1171 1940,1169 1940,1169 1939,1191 1939,1192 1937,1192 1936,1191 1937,1184 1936,1183 1937,1137 1936,1137 1935,1137 1935,1136 1935,1093 1936,1093 1936,1093 1936,1107 1937,1108 2037,1110 2038,1109 2038,1108 2039,1107 2084,1108 2084,1108 2084,1105 2085,1104 2086,1104 2087,1103 2087,1101 2088,1100 2088,1099 2090,1097 2092,1097 2093,1096 2103,1097 2104,1096 2108,1096 2109,1097 2109,1098 2110,1099 2110,1100 2111,1101 2114,1101 2114,1101 2114,1103 2116,1105 2117,1106 2119,1106 2120,1107 2121,1107 2122,1108 2122,1109 2123,1110 2258,1113 2258,1112 2258,1106 2259,1105 2259,1104 2260,1104 2262,1104 2264,1102 2266,1102 2267,1101 2268,1101 2270,1099 2271,1099 2272,1098 2273,1098 2274,1097 2328,1098 2328,1098 2329,1095 2329,1094 2333,1095 2334,1094 2335,1094 2336,1093 2347,1093 2348,1092 2351,1092 2352,1093 2363,1093 2364,1094 2365,1094 2366,1095 2367,1095 2368,1096 2371,1096 2372,1097 2374,1097 2376,1099 2378,1100 2380,1102 2380,1115 2381,1116 2589,1120 2589,1120 2589,1112 2591,1110 2591,1107 2593,1105 2596,1105 2597,1106 2598,1106 2598,1107 2598,1108 2599,1109 2599,1120 2600,1120 2662,1122 2663,1123 2789,1126 2790,1125 2790,1124 2791,1123 2791,1122 2792,1121 2792,1119 2794,1117 2794,1116 2795,1115 2795,1114 2796,1114 2797,1114 2799,1112 2801,1112 2802,1111 2804,1111 2806,1109 2807,1109 2808,1108 2809,1108 2810,1107 2813,1107 2813,1107 2813,1106 2814,1105 2839,1106 2840,1105 2841,1105 2842,1104 2855,1104 2858,1107 2859,1107 2860,1109 2860,1128 2860,1128 2956,1130 2958,1129 2958,1127 2959,1126 2959,1125 2960,1124 2960,1123 2963,1120 2965,1120 2966,1122 2966,1129 2966,1129 2978,1130 2979,1131 3091,1133 3092,1133 3092,1125 3097,1120 3098,1120 3099,1121 3101,1121 3103,1123 3203,1126 3205,1123 3205,1122 3207,1121 3208,1121 3208,1120 3208,1119 3209,1118 3209,1117 3210,1117 3214,1117 3215,1116 3216,1116 3217,1115 3219,1115 3221,1117 3224,1117 3225,1119 3225,1128 3226,1128 3355,1131 3358,1128 3359,1128 3360,1127 3361,1127 3363,1125 3364,1125 3365,1124 3367,1124 3368,1123 3389,1124 3390,1123 3391,1123 3392,1122 3395,1122 3396,1121 3397,1121 3398,1120 3399,1121 3403,1121 3405,1123 3407,1123 3409,1125 3412,1125 3412,1126 3412,1129 3413,1129 3588,1133 3588,1132 3588,1131 3590,1130 3591,1130 3592,1129 3593,1129 3595,1127 3597,1127 3598,1126 3609,1126 3610,1127 3614,1127 3614,1128 3614,1129 3616,1131 3618,1131 3619,1132 3619,1154 3621,1156 3620,1159 3621,1160 3621,1163 3620,1164 3620,1185 3619,1186 3619,1189 3618,1190 3618,1196 3616,1198 3615,1198 3614,1199 3613,1198 3613,1199 3613,1200 3612,1200 3611,1200 3611,1201 3611,1202 3610,1202 3609,1202 3609,1203 3608,1206 3607,1207 3606,1207 3605,1208 3603,1208 3601,1210 3600,1210 3597,1213 3597,1214 3595,1216 3595,1218 3594,1219 3588,1219 3586,1220 3586,1221 3585,1222 3585,1225 3584,1226 3530,1225 3527,1227 3525,1227 3525,1226 3525,1206 3525,1206 3498,1205 3497,1205 3497,1226 3496,1227"/>
        <TextEquiv index="0">
          <Unicode>an / durch Feuer einwerffen / verderbt / alſo / daß</Unicode>
        </TextEquiv>
        <TextEquiv index="1">
          <Unicode>an / durch Feuer einwerffen / verderbt / alſo / daß</Unicode>
        </TextEquiv>
      </TextLine>
      <TextLine id="l58">
        <Coords points="3029,1321 3028,1320 3022,1320 3021,1319 3020,1319 3015,1313 3015,1312 3014,1311 3014,1302 3014,1301 3000,1301 2999,1300 2911,1298 2910,1299 2910,1300 2909,1301 2909,1302 2908,1303 2908,1304 2907,1305 2906,1306 2903,1306 2901,1304 2901,1303 2901,1303 2858,1302 2855,1299 2827,1298 2826,1297 2755,1296 2754,1295 2722,1294 2721,1293 2603,1290 2602,1291 2600,1291 2599,1290 2596,1290 2595,1289 2481,1287 2480,1287 2480,1301 2479,1302 2479,1303 2476,1306 2473,1306 2473,1305 2471,1305 2469,1303 2466,1302 2465,1301 2464,1301 2462,1300 2462,1299 2461,1298 2461,1289 2461,1288 2326,1285 2324,1284 2324,1281 2324,1280 2322,1280 2321,1279 2320,1279 2320,1279 2320,1278 2319,1277 2319,1276 2318,1275 2318,1272 2317,1271 2241,1270 2241,1270 2241,1272 2240,1273 2240,1274 2239,1275 2239,1279 2237,1280 2237,1281 2236,1282 2236,1283 2235,1284 2231,1284 2230,1285 2184,1284 2183,1285 2183,1296 2183,1296 2182,1296 2181,1297 2180,1297 2179,1298 2176,1298 2175,1299 2172,1299 2171,1298 2169,1298 2168,1297 2165,1297 2164,1296 2164,1295 2163,1294 2163,1283 2163,1283 2068,1281 2067,1281 2067,1285 2066,1286 2066,1287 2065,1288 2065,1290 2063,1292 2063,1296 2063,1297 2062,1297 2061,1298 2058,1298 2057,1297 2056,1297 2055,1296 2054,1295 2053,1295 2053,1294 2052,1293 2052,1281 2052,1280 1945,1278 1944,1279 1944,1295 1944,1295 1942,1295 1941,1294 1938,1294 1937,1293 1937,1276 1937,1275 1937,1232 1936,1231 1937,1230 1936,1229 1936,1192 1937,1192 1939,1192 1939,1192 1939,1206 1940,1207 1940,1214 1940,1215 2060,1218 2063,1215 2063,1214 2065,1212 2065,1211 2066,1210 2066,1209 2067,1208 2067,1207 2068,1206 2068,1205 2074,1200 2076,1200 2077,1199 2078,1199 2080,1197 2082,1197 2083,1196 2087,1196 2088,1197 2090,1197 2091,1198 2101,1199 2103,1201 2170,1202 2172,1204 2173,1204 2174,1206 2174,1224 2174,1224 2248,1226 2249,1225 2250,1225 2251,1224 2251,1222 2253,1220 2253,1217 2257,1213 2257,1212 2259,1211 2330,1213 2332,1212 2333,1213 2333,1224 2334,1226 2427,1228 2428,1227 2428,1226 2429,1225 2442,1225 2443,1224 2443,1217 2445,1215 2447,1215 2449,1214 2449,1213 2451,1211 2452,1211 2453,1210 2454,1210 2455,1209 2460,1209 2461,1208 2465,1208 2466,1209 2467,1209 2469,1212 2500,1212 2501,1213 2502,1213 2503,1215 2503,1216 2505,1218 2505,1219 2506,1220 2507,1220 2510,1223 2515,1224 2516,1225 2517,1225 2519,1227 2665,1230 2666,1229 2666,1227 2671,1222 2672,1222 2673,1221 2677,1221 2679,1223 2679,1224 2679,1224 2680,1224 2682,1226 2683,1226 2685,1228 2686,1228 2687,1229 2690,1229 2693,1232 2802,1235 2803,1234 2803,1232 2804,1231 2804,1230 2807,1227 2807,1226 2810,1223 2810,1222 2814,1218 2816,1218 2819,1216 2821,1216 2821,1216 2821,1213 2823,1211 2848,1212 2849,1211 2850,1211 2851,1210 2852,1210 2853,1209 2871,1209 2879,1217 2906,1218 2907,1220 2910,1220 2912,1222 2913,1222 2914,1223 2915,1223 2918,1226 2918,1227 2919,1228 2919,1232 2921,1234 2921,1236 2922,1237 2922,1238 2922,1238 3085,1242 3086,1241 3086,1221 3086,1221 3122,1222 3125,1224 3124,1244 3125,1245 3215,1247 3216,1246 3247,1247 3247,1246 3247,1245 3249,1244 3249,1241 3250,1240 3250,1237 3252,1235 3253,1235 3258,1230 3260,1230 3261,1229 3262,1229 3263,1228 3264,1228 3265,1227 3267,1227 3268,1226 3282,1226 3283,1227 3284,1227 3285,1228 3288,1228 3291,1231 3316,1232 3318,1234 3318,1235 3318,1235 3322,1235 3324,1237 3324,1239 3325,1240 3325,1242 3328,1245 3327,1248 3328,1248 3421,1250 3421,1250 3422,1243 3423,1242 3423,1241 3424,1240 3424,1239 3425,1237 3431,1238 3432,1238 3432,1240 3432,1241 3484,1242 3486,1243 3485,1252 3486,1253 3577,1255 3577,1254 3578,1246 3582,1242 3582,1241 3584,1239 3585,1239 3588,1241 3588,1242 3591,1246 3592,1246 3593,1247 3594,1247 3595,1248 3594,1250 3595,1250 3597,1250 3598,1251 3600,1251 3601,1252 3606,1252 3607,1253 3608,1253 3611,1257 3611,1258 3612,1258 3615,1259 3616,1260 3616,1262 3617,1263 3617,1265 3618,1266 3618,1267 3619,1268 3619,1269 3620,1270 3620,1271 3621,1272 3621,1293 3622,1294 3620,1295 3620,1296 3618,1299 3616,1299 3611,1303 3611,1304 3608,1307 3607,1307 3606,1308 3605,1308 3604,1309 3603,1309 3601,1311 3596,1311 3593,1314 3568,1314 3566,1315 3510,1314 3509,1315 3509,1316 3509,1316 3506,1316 3505,1316 3505,1314 3505,1313 3435,1312 3434,1311 3392,1310 3391,1309 3311,1307 3310,1308 3268,1307 3267,1308 3218,1307 3217,1308 3214,1308 3213,1307 3147,1305 3146,1304 3059,1302 3058,1303 3058,1304 3057,1305 3057,1307 3055,1309 3055,1310 3053,1312 3053,1314 3050,1316 3048,1316 3047,1317 3046,1317 3043,1320 3037,1320 3036,1321"/>
        <TextEquiv index="0">
          <Unicode>er ſich / nachdem der Mangel an Brod und</Unicode>
        </TextEquiv>
        <TextEquiv index="1">
          <Unicode>er ſich / nachdem der Mangel an Brod und</Unicode>
        </TextEquiv>
      </TextLine>
      <TextLine id="l59">
        <Coords points="3113,1434 3112,1433 3113,1406 3112,1406 3091,1405 3091,1406 3091,1412 3090,1412 3066,1412 3066,1412 3065,1427 3064,1429 3062,1427 3063,1423 3062,1422 3062,1408 3061,1408 2969,1406 2969,1406 2969,1408 2968,1409 2968,1410 2967,1410 2966,1410 2965,1411 2924,1411 2921,1413 2920,1413 2919,1414 2915,1414 2912,1417 2911,1417 2910,1418 2903,1418 2903,1418 2903,1415 2902,1414 2902,1407 2901,1406 2827,1404 2826,1405 2824,1405 2822,1403 2739,1401 2739,1402 2739,1403 2734,1407 2733,1407 2733,1407 2733,1403 2732,1402 2638,1400 2638,1401 2638,1402 2636,1403 2578,1402 2576,1404 2575,1404 2574,1403 2572,1403 2570,1401 2536,1400 2535,1399 2534,1399 2533,1398 2475,1397 2474,1396 2354,1393 2352,1395 2352,1397 2351,1398 2351,1399 2350,1399 2350,1400 2349,1401 2349,1402 2347,1404 2347,1405 2346,1406 2345,1406 2344,1407 2343,1407 2340,1410 2334,1410 2334,1409 2334,1408 2331,1405 2331,1403 2330,1402 2330,1395 2330,1395 2180,1391 2179,1392 2179,1401 2177,1402 2176,1402 2175,1403 2165,1403 2162,1399 2162,1393 2162,1393 2018,1390 2017,1391 1945,1389 1944,1390 1944,1402 1943,1402 1938,1402 1938,1401 1939,1368 1938,1366 1938,1328 1937,1327 1937,1322 1937,1321 1937,1294 1938,1294 1941,1294 1942,1295 1944,1295 1944,1296 1944,1300 1944,1300 2019,1302 2020,1303 2025,1303 2026,1304 2029,1304 2030,1305 2031,1305 2032,1306 2037,1306 2038,1307 2045,1307 2046,1308 2048,1308 2049,1309 2140,1311 2142,1313 2218,1315 2220,1317 2220,1319 2221,1320 2221,1321 2224,1324 2225,1324 2230,1329 2304,1331 2305,1330 2306,1330 2307,1331 2423,1334 2423,1333 2424,1319 2425,1318 2425,1317 2425,1317 2435,1317 2436,1316 2437,1316 2438,1315 2441,1315 2442,1314 2444,1314 2445,1313 2453,1313 2454,1314 2455,1314 2458,1317 2458,1325 2459,1326 2459,1327 2460,1328 2459,1334 2460,1334 2535,1336 2535,1336 2535,1334 2536,1333 2537,1333 2538,1334 2611,1336 2613,1338 2615,1338 2616,1339 2636,1339 2637,1340 2756,1343 2756,1342 2756,1341 2757,1340 2757,1339 2762,1335 2770,1335 2771,1334 2772,1334 2772,1334 2772,1333 2775,1331 2775,1330 2775,1329 2778,1329 2779,1330 2782,1330 2783,1331 2782,1336 2783,1336 2785,1336 2786,1337 2788,1338 2789,1339 2792,1339 2796,1343 2856,1344 2857,1345 2858,1345 2859,1346 2881,1347 2885,1351 2994,1353 2994,1353 2994,1336 2995,1335 2996,1333 2998,1330 2999,1330 3000,1329 3054,1330 3055,1330 3055,1329 3055,1328 3071,1329 3072,1330 3075,1330 3077,1331 3077,1333 3078,1334 3077,1354 3078,1355 3139,1356 3140,1357 3229,1359 3229,1359 3229,1358 3230,1357 3232,1357 3232,1358 3232,1359 3233,1359 3302,1361 3303,1360 3304,1335 3305,1334 3313,1334 3314,1335 3315,1335 3317,1338 3317,1361 3317,1361 3393,1363 3394,1362 3394,1349 3396,1347 3396,1346 3397,1346 3398,1346 3400,1344 3404,1344 3405,1345 3405,1348 3406,1350 3406,1351 3407,1352 3407,1365 3407,1365 3495,1367 3496,1366 3497,1366 3499,1365 3499,1364 3499,1363 3502,1361 3503,1361 3505,1359 3532,1360 3533,1361 3583,1362 3583,1361 3583,1349 3586,1346 3586,1345 3588,1344 3591,1344 3591,1345 3591,1346 3593,1348 3593,1355 3594,1355 3619,1356 3620,1357 3622,1357 3623,1358 3623,1374 3624,1375 3624,1378 3623,1379 3622,1412 3621,1413 3621,1414 3619,1416 3618,1416 3617,1417 3616,1417 3613,1420 3612,1420 3612,1420 3612,1421 3611,1422 3611,1423 3608,1425 3606,1425 3605,1424 3476,1422 3476,1422 3476,1423 3469,1429 3467,1429 3466,1430 3459,1430 3458,1429 3458,1426 3457,1425 3413,1424 3413,1424 3413,1414 3412,1413 3223,1409 3223,1410 3223,1411 3222,1411 3149,1409 3149,1409 3149,1408 3147,1406 3133,1406 3133,1407 3132,1434 3132,1434"/>
        <TextEquiv index="0">
          <Unicode>Saltz darzu kommen / den 9. Novembris, mit</Unicode>
        </TextEquiv>
        <TextEquiv index="1">
          <Unicode>Saltz darzu kommen / den 9. Novembris, mit</Unicode>
        </TextEquiv>
      </TextLine>
      <TextLine id="l60">
        <Coords points="3405,1553 3405,1553 3405,1549 3404,1548 2584,1530 2583,1531 1942,1517 1941,1518 1941,1520 1941,1520 1939,1519 1940,1506 1939,1505 1940,1460 1939,1459 1939,1424 1938,1423 1939,1414 1938,1412 1938,1402 1938,1402 1943,1402 1944,1403 1944,1408 1944,1408 2312,1416 2313,1417 3107,1435 3108,1434 3132,1434 3132,1435 3132,1436 3133,1436 3137,1436 3138,1437 3402,1443 3403,1444 3412,1444 3413,1445 3415,1445 3416,1446 3491,1448 3492,1449 3494,1449 3495,1450 3496,1450 3499,1453 3503,1453 3503,1454 3503,1460 3504,1461 3504,1468 3504,1468 3610,1470 3611,1472 3612,1472 3614,1473 3614,1474 3615,1476 3621,1476 3623,1477 3622,1482 3624,1484 3624,1511 3625,1512 3625,1513 3624,1514 3624,1520 3623,1521 3622,1524 3621,1526 3619,1526 3618,1527 3617,1527 3616,1527 3616,1528 3615,1530 3614,1530 3613,1531 3612,1531 3609,1533 3609,1534 3609,1534 3419,1530 3418,1531 3418,1551 3417,1552 3417,1553 3416,1553"/>
        <TextEquiv index="0">
          <Unicode>Accord / Ihnen hat ergeben muͤſſen. Er kam</Unicode>
        </TextEquiv>
        <TextEquiv index="1">
          <Unicode>Accord / Ihnen hat ergeben müſſen. Er kam</Unicode>
        </TextEquiv>
      </TextLine>
      <TextLine id="l61">
        <Coords points="1941,1628 1941,1628 1941,1615 1940,1614 1941,1597 1940,1596 1940,1552 1940,1551 1940,1521 1941,1520 2557,1534 2558,1533 2559,1533 2560,1532 2561,1532 2562,1531 2587,1531 2589,1533 3337,1550 3339,1552 3415,1553 3416,1554 3416,1555 3416,1555 3417,1555 3418,1556 3418,1560 3418,1560 3591,1564 3592,1565 3593,1565 3594,1566 3594,1567 3596,1569 3595,1615 3595,1615 3609,1616 3610,1617 3610,1619 3612,1621 3614,1623 3615,1623 3615,1623 3616,1624 3616,1625 3618,1627 3620,1627 3620,1627 3620,1631 3619,1632 3619,1633 3618,1634 3618,1635 3617,1637 3616,1637 3611,1641 3609,1641 3608,1642 3608,1643 3607,1643 3527,1642 3527,1642 3527,1643 3526,1644 3526,1645 3524,1647 3524,1649 3519,1654 3518,1654 3517,1655 3517,1656 3517,1657 3623,1659 3625,1660 3624,1661 3511,1658 3510,1659 3504,1659 3502,1657 3502,1643 3501,1642 2657,1624 2656,1624 2656,1633 2649,1640 2646,1640 2645,1640 2632,1640 2632,1641 2632,1643 2631,1643"/>
        <TextEquiv index="0">
          <Unicode>aber wieder von Ihnen / und dann Anno 36.</Unicode>
        </TextEquiv>
        <TextEquiv index="1">
          <Unicode>aber wieder von Ihnen / und dann Anno 36.</Unicode>
        </TextEquiv>
      </TextLine>
      <TextLine id="l62">
        <Coords points="2586,1747 2585,1746 2263,1739 2262,1738 2242,1738 2241,1737 2239,1737 2237,1734 2237,1733 2236,1733 1942,1726 1942,1726 1942,1711 1941,1710 1942,1689 1941,1688 1942,1639 1941,1638 1941,1629 1941,1628 2820,1647 2821,1646 3058,1651 3059,1651 3627,1663 3628,1662 3629,1662 3630,1663 3632,1663 3633,1664 3634,1664 3635,1665 3636,1665 3636,1666 3636,1667 3637,1668 3637,1669 3638,1670 3638,1674 3637,1675 3637,1676 3636,1677 3635,1677 3634,1678 3633,1678 3632,1679 3626,1679 3625,1679 3625,1703 3621,1707 3619,1707 3619,1707 3618,1714 3617,1715 3617,1722 3616,1723 3616,1732 3615,1733 3615,1740 3613,1742 3613,1743 3612,1744 3611,1753 3610,1754 3610,1756 3609,1757 3609,1762 3607,1764 3607,1766 3606,1767 3606,1768 3606,1768 3460,1765 3459,1764 3454,1764 3453,1763 3450,1763 3449,1762 3447,1762 3446,1761 2590,1742 2589,1743 2589,1747 2589,1747"/>
        <TextEquiv index="0">
          <Unicode>den 21. Junii / abermals an Herrn Landgraff</Unicode>
        </TextEquiv>
        <TextEquiv index="1">
          <Unicode>den 21. Junii / abermals an Herrn Landgraff</Unicode>
        </TextEquiv>
      </TextLine>
      <TextLine id="l63">
        <Coords points="1944,1849 1943,1849 1944,1826 1943,1825 1943,1806 1942,1805 1942,1781 1942,1780 1943,1735 1942,1734 1942,1727 1942,1726 1943,1727 1943,1733 1943,1733 2888,1754 2889,1755 3099,1759 3100,1760 3145,1761 3145,1762 3145,1764 3146,1765 3146,1778 3146,1778 3586,1788 3587,1789 3587,1794 3588,1795 3588,1796 3588,1796 3593,1796 3594,1797 3595,1797 3596,1798 3595,1800 3597,1801 3625,1802 3626,1803 3626,1805 3627,1806 3627,1810 3628,1811 3628,1821 3629,1822 3629,1824 3628,1825 3628,1835 3627,1836 3627,1837 3626,1838 3625,1838 3620,1843 3618,1843 3615,1846 3614,1846 3613,1847 3611,1847 3610,1847 3610,1848 3609,1850 3606,1849 3605,1850 3605,1851 3605,1851 3604,1851 3603,1852 3603,1874 3602,1874 3601,1873 2568,1851 2567,1852 2565,1852 2564,1853 2184,1844 2183,1845 2183,1846 2183,1846 2182,1846 2181,1847 2180,1847 2179,1848 2173,1848 2172,1849 2171,1849 2170,1850 1948,1845 1947,1846 1947,1849 1947,1849"/>
        <TextEquiv index="0">
          <Unicode>Wilhelmen zu Heſſen. Aber Anno 1640. er⸗</Unicode>
        </TextEquiv>
        <TextEquiv index="1">
          <Unicode>Wilhelmen zu Heſſen. Aber Anno 1640. er⸗</Unicode>
        </TextEquiv>
      </TextLine>
      <TextLine id="l64">
        <Coords points="2278,1960 2276,1958 2275,1957 2274,1956 2274,1938 2274,1937 2168,1935 2166,1937 2132,1936 2130,1934 1947,1930 1946,1931 1946,1944 1945,1944 1944,1944 1944,1944 1945,1918 1944,1917 1944,1902 1943,1901 1944,1872 1943,1871 1943,1850 1944,1849 1947,1849 1947,1850 1947,1851 1947,1851 2026,1853 2027,1852 2028,1853 2033,1853 2035,1855 2035,1856 2036,1857 2036,1871 2036,1871 2133,1873 2134,1873 2134,1871 2134,1870 2138,1870 2140,1869 2146,1869 2147,1868 2148,1868 2149,1868 2149,1873 2150,1874 2149,1876 2150,1877 2251,1879 2251,1878 2251,1876 2253,1875 2259,1875 2260,1875 2260,1865 2261,1864 2261,1863 2262,1861 2281,1862 2284,1859 2288,1859 2289,1858 2290,1858 2291,1857 2299,1857 2304,1862 2303,1877 2304,1877 2390,1879 2390,1878 2391,1874 2392,1874 2392,1872 2393,1871 2393,1870 2394,1868 2416,1869 2418,1867 2418,1865 2420,1863 2423,1863 2427,1866 2426,1879 2427,1880 2514,1882 2514,1881 2515,1864 2516,1863 2516,1862 2516,1862 2591,1863 2594,1866 2593,1887 2594,1887 2689,1889 2689,1889 2690,1865 2690,1865 2691,1865 2690,1889 2691,1890 2820,1892 2820,1892 2821,1870 2822,1869 2822,1868 2822,1867 2823,1867 2825,1866 2825,1863 2825,1862 2826,1862 2827,1862 2828,1862 2830,1863 2830,1864 2831,1866 2834,1866 2835,1867 2836,1867 2838,1868 2837,1891 2838,1892 2886,1893 2887,1894 2889,1894 2890,1895 2917,1895 2917,1895 2918,1879 2920,1877 2924,1877 2925,1876 2975,1877 2976,1876 2976,1870 2976,1870 2977,1870 2977,1872 2977,1873 2984,1873 2986,1875 3105,1878 3106,1877 3106,1876 3107,1875 3107,1874 3107,1874 3110,1874 3111,1873 3112,1873 3113,1872 3115,1872 3117,1870 3118,1870 3119,1869 3121,1869 3122,1868 3124,1868 3125,1867 3128,1867 3129,1866 3137,1866 3138,1865 3140,1865 3142,1867 3144,1867 3145,1868 3149,1869 3150,1869 3150,1870 3151,1872 3203,1873 3204,1874 3205,1874 3207,1876 3282,1877 3283,1876 3284,1876 3285,1876 3294,1876 3295,1875 3297,1877 3299,1877 3300,1877 3300,1878 3301,1880 3376,1881 3377,1881 3378,1881 3380,1882 3380,1886 3380,1887 3437,1888 3438,1889 3438,1891 3440,1893 3496,1894 3496,1895 3496,1901 3497,1901 3525,1902 3526,1901 3527,1901 3528,1900 3581,1901 3581,1900 3581,1894 3584,1892 3590,1892 3590,1892 3591,1890 3594,1886 3596,1886 3597,1885 3610,1886 3611,1887 3612,1887 3614,1889 3615,1889 3617,1890 3616,1910 3617,1911 3617,1912 3619,1915 3620,1915 3622,1916 3622,1918 3625,1922 3626,1922 3628,1923 3628,1925 3628,1926 3629,1926 3630,1927 3630,1928 3631,1929 3631,1932 3632,1933 3632,1935 3633,1936 3632,1945 3631,1946 3631,1970 3632,1971 3632,1976 3629,1979 3629,1980 3626,1982 3622,1982 3621,1983 3618,1983 3616,1985 3607,1985 3606,1984 3604,1983 3603,1982 3603,1981 3602,1980 3601,1980 3601,1980 3601,1976 3600,1975 3600,1968 3599,1967 3590,1967 3587,1964 3506,1962 3506,1963 3506,1969 3505,1969 3504,1969 3504,1970 3504,1971 3503,1971 3502,1970 3490,1970 3490,1969 3490,1963 3489,1963 3440,1962 3438,1964 3384,1963 3384,1962 3384,1961 3383,1961 3295,1959 3295,1959 3295,1963 3294,1964 3282,1963 3282,1964 3282,1969 3280,1970 3279,1970 3278,1971 3277,1971 3275,1973 3233,1972 3229,1976 3228,1976 3227,1977 3223,1977 3222,1976 3221,1976 3219,1974 3219,1956 3218,1955 3149,1954 3147,1955 3146,1954 3145,1955 3142,1955 3141,1953 3043,1951 3029,1951 3028,1951 3028,1952 3028,1953 2954,1951 2950,1954 2949,1954 2948,1956 2948,1957 2947,1958 2947,1959 2946,1959 2944,1959 2943,1960 2934,1960 2934,1959 2934,1944 2934,1944 2812,1941 2810,1943 2719,1941 2717,1943 2709,1943 2708,1942 2703,1942 2702,1941 2621,1939 2620,1940 2577,1939 2575,1941 2574,1941 2573,1940 2572,1940 2571,1939 2493,1937 2491,1939 2490,1939 2489,1940 2486,1940 2484,1942 2462,1942 2461,1943 2460,1943 2459,1943 2458,1943 2456,1941 2446,1941 2445,1942 2445,1959 2444,1959 2444,1959 2444,1942 2444,1941 2369,1940 2368,1940 2368,1941 2367,1942 2367,1944 2367,1944 2366,1944 2365,1945 2302,1944 2301,1945 2301,1956 2298,1958 2297,1958 2295,1960"/>
        <TextEquiv index="0">
          <Unicode>oberten ihn / im Novembri, die Kaͤyſerl. durch</Unicode>
        </TextEquiv>
        <TextEquiv index="1">
          <Unicode>oberten ihn / im Novembri, die Käyſerl. durch</Unicode>
        </TextEquiv>
      </TextLine>
      <TextLine id="l65">
        <Coords points="3441,2093 3440,2092 3439,2092 3438,2091 3299,2088 3297,2086 3297,2085 3297,2085 2923,2077 2922,2076 2921,2076 2919,2074 2661,2068 2659,2066 2658,2066 2656,2064 2651,2064 2650,2063 2649,2063 2649,2062 2649,2061 2648,2061 2020,2047 2019,2045 2019,2043 2018,2043 2017,2043 2017,2042 2017,2041 2016,2041 1989,2040 1983,2034 1982,2034 1982,2033 1981,2033 1979,2031 1978,2031 1977,2030 1975,2030 1973,2028 1972,2028 1971,2027 1968,2027 1967,2026 1966,2026 1963,2023 1963,2022 1962,2021 1962,2019 1961,2018 1946,2017 1945,2017 1946,2010 1945,2009 1945,1997 1944,1996 1945,1964 1944,1963 1944,1945 1944,1944 1945,1944 1946,1945 1946,1953 1946,1953 2984,1976 2986,1974 3001,1974 3002,1973 3028,1974 3029,1973 3032,1976 3036,1976 3039,1979 3533,1990 3534,1991 3536,1991 3536,1992 3536,1993 3537,1994 3537,2010 3537,2010 3626,2012 3628,2014 3628,2016 3630,2018 3631,2018 3634,2021 3634,2025 3635,2026 3635,2027 3636,2028 3635,2057 3634,2058 3634,2069 3630,2072 3628,2072 3628,2073 3628,2074 3627,2074 3626,2074 3625,2075 3595,2074 3594,2075 3532,2074 3531,2075 3482,2074 3481,2075 3459,2074 3458,2075 3458,2087 3457,2088 3457,2089 3456,2090 3451,2090 3450,2091 3448,2091 3446,2093"/>
        <TextEquiv index="0">
          <Unicode>Accord wieder. Hernach Anno 1644. haben</Unicode>
        </TextEquiv>
        <TextEquiv index="1">
          <Unicode>Accord wieder. Hernach Anno 1644. haben</Unicode>
        </TextEquiv>
      </TextLine>
      <TextLine id="l66">
        <Coords points="2011,2173 2010,2172 2008,2172 2008,2171 2005,2171 2003,2169 2002,2169 1999,2166 1998,2165 1997,2165 1997,2155 1997,2154 1972,2154 1970,2152 1970,2151 1970,2151 1968,2151 1967,2150 1968,2147 1967,2146 1967,2145 1964,2142 1964,2141 1963,2140 1963,2105 1962,2104 1963,2101 1962,2100 1962,2098 1963,2097 1963,2096 1967,2092 1968,2092 1969,2091 1969,2090 1970,2089 1973,2089 1974,2088 1976,2088 1977,2088 1977,2079 1978,2078 1978,2076 1982,2072 2000,2073 2001,2072 2005,2072 2007,2070 2009,2070 2010,2069 2012,2069 2013,2070 2016,2070 2017,2071 2019,2071 2020,2072 2021,2072 2022,2073 2240,2078 2241,2077 2243,2077 2243,2076 2243,2075 2244,2075 2246,2075 2248,2073 2249,2073 2250,2072 2256,2072 2257,2071 2360,2073 2361,2072 2362,2072 2363,2071 2364,2071 2365,2070 2366,2070 2367,2070 2384,2070 2384,2069 2384,2068 2385,2068 2391,2068 2391,2069 2391,2070 2392,2070 2393,2070 2394,2071 2395,2071 2396,2072 2443,2073 2444,2074 2445,2074 2446,2075 2447,2075 2449,2077 2582,2080 2583,2079 2585,2079 2588,2076 2595,2076 2596,2076 2597,2076 2598,2074 2598,2072 2599,2072 2645,2073 2646,2074 2652,2074 2653,2075 2655,2075 2656,2076 2657,2076 2659,2078 2660,2078 2662,2080 2794,2083 2795,2082 2799,2082 2800,2083 2801,2083 2802,2084 2803,2084 2805,2086 2810,2086 2811,2087 2813,2087 2813,2088 2814,2088 2815,2089 2815,2090 2816,2091 2816,2092 2817,2093 2817,2102 2817,2102 2976,2106 2977,2105 2977,2103 2981,2099 2981,2097 2982,2096 2982,2095 2984,2093 2984,2092 2985,2091 2986,2091 2988,2090 2988,2089 2990,2087 2991,2087 2993,2085 2994,2085 2995,2084 2998,2084 2999,2083 3019,2084 3022,2081 3024,2081 3025,2080 3029,2080 3030,2079 3035,2079 3037,2077 3038,2077 3040,2079 3043,2079 3044,2080 3046,2080 3047,2081 3048,2081 3049,2083 3049,2084 3053,2087 3083,2088 3085,2090 3087,2090 3088,2092 3088,2093 3092,2097 3092,2098 3093,2099 3093,2103 3095,2105 3095,2106 3096,2107 3096,2108 3097,2109 3220,2112 3221,2112 3221,2096 3221,2095 3227,2095 3228,2095 3228,2094 3228,2093 3229,2094 3389,2098 3390,2097 3392,2097 3393,2096 3398,2096 3399,2097 3401,2097 3402,2098 3402,2099 3403,2100 3445,2101 3446,2102 3447,2102 3448,2103 3448,2104 3449,2105 3449,2106 3449,2106 3519,2108 3521,2110 3522,2110 3523,2111 3524,2111 3525,2111 3525,2112 3525,2113 3528,2113 3531,2116 3621,2118 3622,2119 3625,2119 3626,2120 3627,2120 3628,2121 3629,2121 3631,2124 3631,2127 3634,2129 3635,2129 3635,2130 3635,2135 3636,2136 3636,2138 3637,2139 3636,2168 3635,2169 3635,2172 3634,2173 3634,2177 3632,2179 3630,2179 3626,2183 3623,2183 3622,2184 3618,2184 3617,2183 3394,2178 3392,2180 3391,2180 3390,2181 3389,2181 3388,2181 3388,2182 3388,2183 3387,2183 3386,2184 3385,2184 3384,2184 3384,2185 3383,2186 3383,2187 3382,2188 3376,2188 3376,2188 3376,2193 3374,2195 3373,2194 3373,2195 3373,2196 3372,2196 3369,2196 3368,2195 3368,2182 3368,2181 3264,2179 3262,2178 3262,2176 3262,2175 3114,2172 3113,2173 3083,2172 3082,2173 3082,2187 3081,2187 3079,2187 3078,2186 3078,2184 3077,2183 3072,2183 3072,2182 3072,2175 3072,2175 2959,2172 2958,2173 2916,2173 2914,2174 2914,2175 2913,2176 2913,2177 2911,2179 2911,2180 2910,2181 2910,2182 2908,2183 2907,2183 2906,2184 2904,2184 2903,2183 2902,2183 2901,2182 2901,2181 2900,2180 2900,2168 2900,2167 2761,2164 2760,2165 2732,2164 2731,2165 2636,2163 2635,2164 2593,2163 2592,2164 2592,2166 2592,2166 2511,2165 2510,2165 2510,2168 2509,2169 2509,2172 2508,2173 2508,2174 2504,2178 2503,2178 2501,2179 2497,2179 2496,2178 2495,2178 2494,2176 2493,2176 2491,2175 2491,2174 2491,2173 2351,2170 2350,2171 2350,2179 2349,2179 2304,2178 2304,2178 2304,2170 2304,2169 2266,2168 2265,2169 2265,2170 2264,2171 2263,2171 2261,2173 2260,2172 2257,2172 2256,2171 2255,2171 2251,2168 2251,2164 2250,2162 2250,2155 2250,2155 2072,2151 2071,2152 2028,2151 2027,2152 2027,2165 2026,2166 2026,2168 2020,2173"/>
        <TextEquiv index="0">
          <Unicode>ihn die Heſſiſche Voͤlcker 7. Monat / biß in den</Unicode>
        </TextEquiv>
        <TextEquiv index="1">
          <Unicode>ihn die Heſſiſche Völcker 7. Monat / biß in den</Unicode>
        </TextEquiv>
      </TextLine>
      <TextLine id="l67">
        <Coords points="1947,2283 1947,2283 1947,2246 1948,2245 1976,2246 1976,2246 1977,2211 1978,2210 1978,2208 1979,2207 1979,2206 1980,2205 1986,2205 1986,2205 1987,2181 1987,2180 1988,2181 1987,2204 1988,2204 1998,2204 1999,2204 2004,2204 2005,2205 2060,2206 2061,2207 2135,2208 2136,2208 2138,2208 2139,2207 2140,2207 2141,2206 2213,2207 2215,2209 2282,2211 2282,2210 2283,2194 2287,2190 2287,2189 2288,2188 2288,2187 2290,2185 2293,2185 2294,2184 2295,2184 2297,2182 2298,2182 2299,2181 2300,2181 2303,2178 2350,2179 2351,2180 2352,2180 2354,2182 2381,2183 2382,2184 2385,2184 2386,2185 2388,2185 2389,2186 2390,2186 2392,2188 2392,2189 2393,2190 2393,2193 2394,2194 2394,2197 2395,2198 2394,2200 2398,2203 2471,2205 2471,2204 2471,2202 2473,2201 2473,2201 2473,2202 2474,2203 2474,2204 2475,2205 2477,2205 2478,2206 2479,2206 2482,2210 2482,2211 2484,2213 2484,2214 2485,2214 2563,2216 2564,2214 2564,2213 2565,2213 2566,2213 2568,2211 2569,2211 2572,2208 2573,2208 2574,2207 2575,2207 2576,2206 2577,2206 2578,2205 2579,2205 2580,2204 2583,2204 2584,2203 2585,2203 2585,2203 2586,2199 2586,2198 2587,2199 2588,2199 2589,2200 2594,2201 2594,2201 2594,2216 2595,2217 2633,2217 2634,2219 2634,2220 2635,2220 2669,2221 2670,2222 2738,2224 2738,2223 2738,2222 2739,2222 2740,2222 2742,2219 2742,2218 2744,2217 2745,2217 2746,2216 2747,2216 2748,2214 2748,2212 2750,2211 2770,2211 2771,2210 2792,2211 2792,2210 2792,2206 2793,2205 2793,2203 2796,2201 2796,2200 2801,2195 2802,2195 2803,2194 2806,2194 2807,2193 2808,2193 2810,2195 2811,2195 2813,2197 2812,2215 2813,2215 2880,2217 2881,2216 2912,2216 2913,2215 2913,2214 2915,2213 2917,2213 2918,2214 2920,2214 2921,2215 2999,2216 3000,2215 3001,2215 3001,2215 3001,2206 3004,2204 3004,2201 3005,2200 3005,2199 3007,2197 3011,2200 3011,2203 3012,2204 3011,2215 3012,2216 3039,2216 3040,2215 3054,2216 3055,2215 3096,2215 3098,2213 3099,2214 3102,2211 3103,2211 3104,2210 3108,2210 3109,2211 3110,2211 3111,2212 3111,2215 3112,2216 3112,2218 3113,2219 3266,2222 3267,2221 3267,2219 3268,2218 3268,2214 3270,2212 3271,2212 3271,2212 3271,2211 3274,2208 3277,2208 3277,2209 3277,2211 3279,2212 3344,2214 3344,2213 3344,2212 3349,2208 3349,2207 3350,2206 3353,2206 3354,2205 3358,2205 3359,2206 3361,2206 3363,2209 3363,2210 3364,2210 3433,2212 3433,2211 3434,2209 3434,2209 3467,2210 3468,2209 3468,2208 3469,2207 3470,2207 3471,2206 3472,2206 3473,2205 3474,2205 3475,2206 3479,2206 3481,2207 3481,2208 3481,2209 3482,2209 3483,2209 3482,2224 3483,2225 3617,2228 3617,2227 3617,2226 3618,2226 3619,2226 3619,2225 3619,2224 3623,2221 3625,2221 3626,2222 3634,2222 3634,2223 3634,2226 3635,2227 3635,2228 3636,2229 3635,2273 3634,2274 3634,2280 3632,2282 3632,2283 3628,2286 3627,2286 3624,2289 3623,2289 3618,2294 3527,2292 3527,2292 3527,2295 3525,2297 3525,2298 3523,2300 3522,2302 3521,2304 3515,2304 3513,2306 3512,2306 3511,2307 3510,2307 3509,2307 3507,2307 3506,2308 3505,2308 3504,2307 3497,2307 3496,2306 3495,2306 3494,2305 3493,2305 3492,2304 3490,2304 3489,2303 3488,2302 3488,2301 3487,2299 3487,2288 3486,2288 3394,2286 3394,2286 3393,2302 3393,2303 3392,2303 3391,2302 3392,2299 3391,2299 3385,2299 3384,2297 3384,2286 3383,2286 3352,2285 3351,2284 3349,2284 3348,2283 3292,2282 3292,2282 3292,2291 3291,2292 3264,2291 3263,2292 3262,2292 3262,2292 3262,2284 3261,2283 3247,2283 3246,2282 3241,2282 3241,2282 3241,2286 3240,2287 3239,2287 3239,2286 3239,2282 3238,2282 3171,2280 3170,2279 3169,2279 3166,2276 3100,2275 3099,2275 3099,2295 3098,2296 3098,2295 3098,2279 3097,2279 3028,2277 3027,2278 2995,2277 2994,2278 2928,2277 2928,2277 2927,2296 2927,2297 2926,2297 2925,2298 2924,2298 2923,2297 2921,2297 2920,2296 2918,2296 2917,2294 2917,2278 2916,2278 2900,2277 2899,2276 2802,2274 2802,2275 2802,2277 2801,2277 2757,2276 2757,2277 2757,2281 2756,2282 2756,2284 2755,2285 2755,2287 2754,2288 2754,2291 2753,2291 2753,2292 2752,2293 2748,2293 2747,2292 2745,2292 2743,2289 2743,2277 2742,2277 2672,2275 2671,2277 2671,2278 2670,2279 2670,2280 2665,2284 2664,2284 2663,2285 2662,2285 2662,2285 2662,2286 2659,2289 2655,2289 2654,2287 2654,2285 2653,2285 2627,2284 2626,2283 2626,2281 2625,2280 2625,2263 2625,2262 2542,2260 2541,2261 2541,2263 2541,2263 2478,2262 2475,2264 2475,2265 2474,2266 2474,2267 2473,2268 2473,2269 2471,2271 2471,2272 2470,2273 2470,2274 2469,2275 2469,2276 2468,2277 2468,2278 2467,2279 2467,2280 2465,2282 2464,2282 2461,2285 2459,2285 2458,2286 2454,2285 2453,2284 2453,2266 2453,2265 2388,2264 2387,2265 2387,2266 2386,2266 2386,2267 2382,2271 2380,2271 2378,2268 2378,2267 2377,2267 2336,2266 2335,2265 2308,2264 2307,2265 2307,2287 2306,2287 2306,2287 2306,2265 2306,2264 2305,2264 2304,2263 2303,2263 2301,2262 2301,2261 2300,2259 2291,2259 2289,2257 2289,2255 2289,2255 2219,2253 2218,2254 2218,2271 2217,2272 2217,2276 2215,2278 2215,2279 2214,2279 2213,2279 2212,2280 2209,2280 2208,2279 2205,2279 2205,2279 2205,2278 2204,2277 2204,2258 2204,2257 2096,2255 2094,2256 2094,2257 2092,2259 2092,2260 2087,2264 2076,2264 2076,2265 2076,2283 2075,2283 2073,2283 2073,2283 2073,2278 2072,2277 2051,2277 2050,2276 2049,2276 2048,2274 2048,2259 2048,2259 1962,2257 1961,2257 1961,2282 1960,2283 1950,2282 1949,2283"/>
        <TextEquiv index="0">
          <Unicode>14. 24. May 1645. plocquiert und belaͤgert</Unicode>
        </TextEquiv>
        <TextEquiv index="1">
          <Unicode>14. 24. May 1645. plocquiert und belägert</Unicode>
        </TextEquiv>
      </TextLine>
      <TextLine id="l68">
        <Coords points="3595,2425 3594,2424 3567,2424 3567,2423 3567,2422 3566,2422 3565,2422 3564,2420 3564,2416 3564,2416 3357,2411 3356,2412 3355,2412 3353,2414 3352,2414 3351,2413 3347,2413 3344,2410 3344,2395 3344,2395 3252,2393 3251,2392 3249,2392 3248,2391 3247,2391 3246,2390 3119,2387 3119,2387 3119,2388 3118,2389 3070,2388 3070,2388 3069,2399 3066,2403 3065,2403 3064,2404 3062,2404 3061,2405 3054,2405 3053,2406 3051,2406 3050,2406 3047,2406 3045,2404 3005,2404 3004,2403 3004,2389 3004,2388 2999,2388 2998,2387 2996,2387 2995,2386 2993,2386 2992,2385 2802,2381 2801,2382 2771,2381 2770,2380 2572,2376 2571,2377 2569,2377 2567,2375 2435,2372 2435,2373 2435,2374 2434,2375 2434,2377 2433,2378 2432,2383 2431,2383 2431,2390 2428,2394 2427,2394 2426,2393 2425,2393 2422,2390 2423,2373 2422,2373 2290,2370 2290,2370 2290,2372 2289,2373 2289,2374 2286,2377 2283,2377 2282,2375 2282,2374 2280,2373 2266,2372 2265,2371 2134,2369 2133,2369 2092,2369 2092,2369 2091,2380 2090,2381 2090,2383 2089,2385 2088,2385 2086,2386 2084,2386 2083,2387 2075,2387 2074,2388 1956,2386 1955,2386 1955,2387 1955,2388 1950,2387 1949,2387 1949,2379 1948,2378 1949,2376 1948,2375 1949,2330 1948,2329 1949,2285 1948,2284 1948,2283 1949,2283 1951,2285 1950,2286 1951,2286 2079,2289 2080,2288 2107,2289 2108,2288 2109,2289 2168,2290 2168,2291 2168,2302 2169,2302 2305,2305 2305,2305 2306,2288 2306,2287 2307,2287 2308,2288 2307,2299 2308,2299 2322,2300 2323,2298 2323,2297 2324,2297 2327,2297 2328,2296 2436,2298 2439,2295 2440,2295 2444,2291 2445,2291 2446,2290 2459,2291 2461,2293 2467,2293 2467,2293 2467,2296 2468,2297 2472,2297 2473,2298 2631,2301 2632,2302 2639,2303 2640,2304 2652,2304 2653,2305 2653,2319 2653,2320 2769,2322 2770,2321 2772,2321 2773,2320 2775,2320 2776,2320 2835,2321 2836,2320 2836,2318 2837,2317 2837,2313 2842,2308 2842,2307 2843,2307 2844,2307 2845,2306 2847,2306 2848,2307 2972,2310 2974,2307 2974,2306 2977,2304 2978,2304 2979,2303 2981,2303 2982,2302 2985,2302 2986,2301 3005,2301 3006,2301 3012,2301 3012,2300 3012,2299 3013,2299 3014,2299 3015,2300 3019,2300 3020,2301 3023,2301 3024,2302 3025,2302 3026,2303 3029,2303 3031,2305 3060,2306 3061,2307 3062,2307 3063,2308 3063,2309 3066,2312 3066,2318 3067,2319 3198,2322 3200,2320 3200,2319 3202,2318 3205,2318 3205,2317 3205,2316 3209,2313 3211,2313 3212,2312 3215,2312 3216,2311 3217,2311 3218,2310 3230,2310 3230,2310 3230,2309 3231,2308 3233,2308 3234,2309 3235,2310 3236,2311 3238,2311 3239,2312 3240,2312 3241,2313 3242,2313 3243,2314 3269,2314 3270,2315 3271,2315 3272,2316 3274,2316 3276,2318 3278,2318 3279,2320 3279,2321 3280,2321 3281,2322 3281,2322 3281,2323 3282,2324 3282,2327 3282,2328 3436,2331 3437,2330 3437,2322 3438,2321 3438,2319 3440,2318 3457,2318 3459,2316 3464,2316 3465,2316 3470,2316 3471,2315 3476,2315 3477,2316 3528,2317 3529,2318 3529,2319 3530,2320 3530,2321 3531,2322 3531,2324 3532,2325 3532,2334 3532,2335 3622,2337 3623,2338 3624,2338 3625,2339 3626,2339 3628,2341 3628,2343 3629,2344 3630,2344 3631,2345 3632,2345 3633,2346 3633,2347 3636,2351 3636,2353 3635,2354 3635,2385 3634,2386 3634,2394 3633,2395 3632,2396 3629,2399 3627,2399 3626,2400 3625,2400 3622,2403 3620,2403 3619,2404 3612,2404 3611,2404 3611,2422 3610,2423 3601,2423 3601,2423 3601,2424 3599,2425"/>
        <TextEquiv index="0">
          <Unicode>gehalten / da ſie dan̄ von der Chur⸗Bayriſchen</Unicode>
        </TextEquiv>
        <TextEquiv index="1">
          <Unicode>gehalten / da ſie dan von der Chur⸗Bayriſchen</Unicode>
        </TextEquiv>
      </TextLine>
      <TextLine id="l69">
        <Coords points="1950,2499 1950,2498 1950,2474 1949,2473 1950,2468 1949,2467 1950,2422 1949,2421 1949,2388 1950,2387 1955,2388 1955,2388 1955,2389 1956,2390 2044,2392 2045,2393 2047,2393 2048,2394 2049,2394 2050,2395 2050,2413 2050,2414 2127,2415 2128,2416 2189,2418 2190,2417 2191,2417 2192,2416 2193,2416 2194,2415 2270,2416 2271,2416 2273,2418 2336,2419 2339,2416 2340,2416 2341,2415 2342,2415 2343,2414 2344,2414 2345,2413 2362,2413 2363,2413 2363,2411 2364,2410 2364,2408 2366,2406 2366,2404 2367,2403 2367,2402 2368,2402 2369,2402 2370,2401 2371,2401 2372,2400 2373,2400 2374,2399 2375,2399 2376,2398 2378,2398 2379,2397 2387,2397 2388,2398 2389,2398 2392,2401 2393,2401 2395,2404 2395,2411 2395,2411 2440,2412 2441,2413 2526,2415 2527,2415 2527,2414 2531,2409 2533,2411 2533,2412 2534,2413 2534,2418 2534,2418 2573,2419 2574,2420 2574,2421 2575,2422 2603,2423 2604,2423 2604,2424 2604,2425 2662,2426 2663,2426 2663,2419 2664,2418 2664,2417 2665,2416 2665,2415 2667,2412 2669,2412 2671,2410 2673,2410 2674,2411 2774,2413 2776,2412 2776,2411 2776,2411 2780,2411 2781,2412 2782,2412 2783,2412 2783,2414 2784,2415 2784,2425 2784,2426 2849,2427 2850,2427 2850,2426 2851,2425 2851,2423 2852,2422 2852,2421 2855,2417 2856,2417 2858,2415 2864,2415 2867,2413 2870,2413 2871,2412 2871,2411 2873,2410 2875,2410 2875,2411 2876,2411 2877,2412 2884,2412 2886,2413 2886,2414 2886,2415 2892,2415 2893,2416 2893,2419 2893,2419 2895,2419 2896,2420 2898,2420 2902,2424 2902,2425 2903,2426 2903,2427 2906,2430 2906,2431 2906,2431 2959,2433 2960,2432 2960,2426 2961,2425 2961,2423 2962,2422 2962,2420 2963,2419 2963,2418 2964,2417 2965,2417 2968,2414 2969,2414 2977,2407 2980,2407 2980,2406 2980,2405 2982,2404 3003,2404 3004,2403 3004,2404 3004,2406 3005,2407 3006,2407 3007,2408 3009,2408 3010,2409 3011,2409 3012,2410 3062,2411 3062,2412 3063,2412 3065,2414 3115,2415 3116,2416 3118,2416 3119,2417 3119,2419 3120,2420 3120,2431 3120,2431 3163,2432 3165,2434 3219,2435 3220,2435 3220,2421 3220,2420 3244,2421 3245,2421 3245,2422 3245,2423 3248,2423 3249,2424 3250,2424 3252,2425 3252,2429 3255,2433 3258,2433 3259,2434 3260,2434 3261,2435 3263,2435 3265,2437 3328,2439 3329,2438 3334,2438 3335,2437 3336,2437 3337,2438 3366,2438 3367,2439 3391,2440 3391,2440 3391,2441 3395,2445 3460,2446 3464,2443 3465,2443 3466,2444 3521,2445 3521,2444 3521,2443 3522,2443 3525,2443 3525,2442 3526,2438 3526,2438 3527,2438 3528,2437 3531,2437 3533,2436 3533,2435 3534,2434 3534,2432 3534,2431 3535,2431 3537,2429 3539,2429 3541,2428 3541,2426 3542,2424 3548,2424 3549,2423 3580,2424 3581,2425 3597,2425 3598,2426 3598,2428 3598,2428 3599,2428 3600,2430 3617,2430 3618,2430 3617,2451 3618,2452 3631,2452 3632,2453 3633,2453 3634,2454 3635,2454 3635,2455 3635,2458 3636,2459 3636,2463 3637,2463 3640,2463 3640,2464 3640,2469 3640,2469 3647,2470 3648,2470 3648,2474 3648,2475 3649,2475 3650,2475 3650,2478 3651,2479 3651,2480 3651,2481 3653,2481 3654,2481 3654,2483 3653,2484 3652,2484 3652,2484 3651,2490 3651,2491 3647,2491 3646,2491 3646,2497 3646,2498 3641,2497 3640,2498 3640,2511 3638,2513 3638,2516 3637,2516 3607,2516 3607,2516 3607,2523 3606,2524 3606,2525 3605,2526 3605,2527 3604,2528 3594,2527 3594,2527 3594,2524 3593,2523 3593,2508 3593,2507 3545,2506 3544,2505 3485,2504 3484,2503 3430,2502 3429,2503 3424,2503 3422,2501 3378,2500 3376,2498 3322,2496 3320,2498 3317,2498 3316,2499 3315,2499 3313,2501 3313,2506 3312,2506 3312,2506 3312,2500 3312,2499 3259,2498 3258,2499 3213,2498 3212,2499 3210,2499 3209,2498 3208,2498 3207,2497 3136,2495 3135,2496 3135,2506 3132,2508 3130,2508 3129,2509 3127,2509 3124,2512 3123,2512 3122,2513 3121,2513 3120,2512 3119,2512 3116,2509 3115,2509 3114,2507 3114,2504 3113,2503 3113,2495 3113,2495 3103,2495 3102,2494 3050,2493 3049,2493 3049,2508 3045,2511 2996,2510 2996,2511 2996,2512 2995,2512 2966,2512 2965,2513 2960,2513 2956,2508 2956,2505 2954,2503 2954,2493 2954,2492 2894,2491 2893,2492 2892,2492 2891,2493 2890,2493 2889,2494 2880,2494 2878,2495 2878,2503 2876,2505 2875,2505 2874,2506 2873,2506 2870,2503 2869,2503 2868,2501 2868,2500 2867,2499 2867,2498 2866,2497 2866,2490 2866,2489 2768,2487 2767,2488 2729,2488 2728,2488 2677,2487 2676,2488 2646,2488 2645,2487 2620,2486 2618,2484 2573,2483 2572,2482 2571,2482 2570,2482 2570,2481 2569,2480 2569,2479 2565,2474 2512,2473 2512,2473 2511,2475 2510,2476 2510,2478 2509,2480 2508,2480 2507,2480 2507,2481 2504,2484 2504,2486 2504,2487 2451,2485 2450,2486 2450,2491 2449,2492 2445,2492 2444,2493 2441,2493 2440,2492 2438,2492 2437,2491 2436,2491 2434,2490 2434,2489 2433,2488 2433,2481 2433,2480 2373,2479 2372,2479 2372,2494 2371,2496 2370,2496 2368,2497 2364,2497 2363,2495 2362,2494 2361,2494 2361,2483 2361,2482 2311,2481 2310,2480 2151,2477 2150,2478 2126,2477 2125,2478 2123,2478 2122,2477 2121,2477 2118,2474 2066,2473 2064,2475 2060,2475 2059,2475 2059,2480 2057,2483 2056,2482 2056,2479 2056,2479 1993,2477 1992,2478 1992,2485 1991,2486 1955,2486 1954,2486 1954,2498 1953,2499"/>
        <TextEquiv index="0">
          <Unicode>Armee entſetzt / und die Heſſiſchen darvon ab⸗</Unicode>
        </TextEquiv>
        <TextEquiv index="1">
          <Unicode>Armee entſetzt / und die Heſſiſchen darvon ab⸗</Unicode>
        </TextEquiv>
      </TextLine>
      <TextLine id="l70">
        <Coords points="1952,2606 1951,2604 1951,2569 1950,2568 1951,2559 1950,2558 1951,2514 1950,2513 1950,2499 1950,2499 2748,2516 2749,2515 2751,2515 2752,2514 2755,2514 2756,2513 2757,2513 2758,2512 2778,2513 2779,2512 2781,2512 2782,2511 2782,2507 2782,2507 2784,2507 2785,2506 2786,2506 2788,2507 2788,2509 2789,2511 2790,2511 2791,2512 2798,2512 2799,2513 3594,2530 3595,2530 3595,2528 3595,2527 3604,2528 3605,2528 3604,2543 3605,2544 3607,2544 3610,2547 3611,2547 3614,2550 3615,2550 3616,2551 3620,2551 3621,2552 3627,2552 3628,2554 3628,2555 3631,2558 3632,2558 3633,2559 3636,2562 3636,2563 3640,2567 3640,2569 3641,2570 3641,2574 3642,2575 3642,2577 3642,2577 3643,2577 3644,2578 3643,2589 3642,2590 3642,2591 3641,2592 3641,2593 3640,2594 3640,2597 3637,2600 3637,2601 3632,2606 3632,2607 3628,2611 3628,2613 3627,2614 3627,2615 3624,2618 3624,2620 3622,2621 3621,2621 3620,2622 3620,2623 3619,2624 3618,2624 3616,2625 3616,2629 3614,2631 3614,2632 3613,2633 3613,2634 3613,2635 3612,2635 3611,2636 3605,2636 3604,2635 3602,2635 3601,2634 2944,2619 2943,2618 2941,2618 2940,2617 2883,2616 2882,2615 2881,2615 2881,2614 2881,2605 2880,2605 2012,2586 2012,2586 2012,2588 2010,2590 2010,2591 2008,2593 2008,2594 2007,2595 2006,2595 2002,2599 2000,2599 1999,2600 1999,2601 1998,2602 1993,2601 1992,2602 1954,2602 1954,2602 1954,2605 1953,2606"/>
        <TextEquiv index="0">
          <Unicode>getrieben worden. Es ligt zu naͤchſt darbey</Unicode>
        </TextEquiv>
        <TextEquiv index="1">
          <Unicode>getrieben worden. Es ligt zu nächſt darbey</Unicode>
        </TextEquiv>
      </TextLine>
      <TextLine id="l71">
        <Coords points="1953,2716 1952,2715 1953,2697 1952,2696 1952,2665 1951,2664 1952,2651 1951,2650 1951,2606 1952,2606 2272,2613 2274,2611 2293,2611 2295,2609 2296,2609 2297,2609 2297,2608 2297,2607 2871,2620 2871,2619 2871,2617 2873,2616 2874,2616 2875,2617 2897,2617 2898,2618 2900,2618 2901,2619 2902,2619 2903,2620 3373,2631 3374,2632 3436,2633 3437,2634 3515,2636 3516,2637 3517,2637 3519,2639 3520,2639 3521,2640 3522,2640 3522,2640 3522,2641 3524,2643 3524,2656 3524,2657 3634,2659 3640,2665 3640,2667 3642,2669 3644,2670 3645,2670 3644,2682 3645,2683 3645,2685 3644,2686 3644,2716 3642,2717 3642,2718 3641,2719 3640,2719 3639,2720 3639,2721 3639,2721 3638,2721 3637,2722 3636,2722 3633,2725 3576,2724 3574,2726 3574,2727 3572,2728 3572,2729 3571,2730 3571,2731 3566,2736 3566,2737 3565,2738 3565,2739 3564,2740 3562,2740 3561,2741 3472,2739 3471,2740 3344,2737 3344,2736 3344,2732 3344,2732 2556,2715 2555,2715 2555,2721 2555,2722 1956,2709 1954,2710 1954,2715 1954,2716"/>
        <TextEquiv index="0">
          <Unicode>das Heſſiſch Staͤdtlein Kirchhain. So ſeyn</Unicode>
        </TextEquiv>
        <TextEquiv index="1">
          <Unicode>das Heſſiſch Städtlein Kirchhain. So ſeyn</Unicode>
        </TextEquiv>
      </TextLine>
      <TextLine id="l72">
        <Coords points="3125,2847 3125,2847 3125,2841 3124,2840 2126,2818 2124,2816 2123,2816 2121,2814 2120,2814 2118,2812 2118,2804 2118,2803 1984,2800 1981,2797 1980,2797 1973,2791 1974,2789 1973,2788 1972,2788 1972,2788 1972,2782 1971,2781 1972,2725 1971,2724 1952,2724 1952,2723 1952,2716 1953,2716 2577,2729 2578,2728 2579,2728 2582,2726 2585,2726 2586,2725 2588,2725 2589,2725 2850,2730 2850,2730 2850,2725 2851,2724 3042,2728 3042,2728 3042,2725 3043,2724 3076,2725 3077,2726 3104,2727 3104,2727 3104,2728 3105,2729 3105,2730 3106,2731 3343,2736 3344,2737 3362,2737 3364,2739 3477,2742 3478,2742 3478,2752 3478,2753 3543,2754 3545,2756 3545,2759 3546,2760 3547,2761 3549,2761 3550,2762 3551,2763 3552,2764 3623,2765 3624,2766 3637,2766 3638,2767 3645,2768 3646,2769 3645,2809 3646,2810 3646,2811 3647,2812 3647,2813 3646,2814 3646,2817 3646,2818 3645,2818 3644,2819 3642,2819 3639,2821 3633,2821 3627,2827 3624,2827 3623,2828 3621,2828 3620,2829 3596,2828 3595,2829 3592,2829 3590,2830 3505,2829 3504,2829 3504,2830 3502,2831 3411,2829 3411,2830 3411,2849 3410,2849 3321,2848 3320,2848 3127,2844 3127,2845 3127,2847 3126,2847"/>
        <TextEquiv index="0">
          <Unicode>auch nahend daſelbſt Marckdorff / oder</Unicode>
        </TextEquiv>
        <TextEquiv index="1">
          <Unicode>auch nahend daſelbſt Marckdorff / oder</Unicode>
        </TextEquiv>
      </TextLine>
      <TextLine id="l73">
        <Coords points="2093,2934 2092,2933 2093,2925 2092,2925 2039,2924 2038,2923 2037,2923 2035,2920 1990,2919 1989,2918 1986,2918 1984,2916 1984,2915 1982,2913 1982,2912 1981,2911 1981,2910 1979,2908 1979,2907 1975,2903 1975,2901 1974,2900 1975,2899 1975,2896 1978,2893 1979,2853 1976,2850 1976,2848 1977,2847 1977,2844 1978,2843 1979,2843 1979,2843 1979,2842 1980,2841 1981,2841 1982,2840 1985,2840 1987,2838 1988,2838 1988,2838 1988,2837 1989,2836 1991,2836 1991,2836 1992,2833 1995,2830 1995,2829 1996,2828 2003,2828 2004,2827 2006,2827 2007,2826 2035,2826 2036,2826 2036,2823 2037,2822 2037,2821 2037,2821 2040,2821 2041,2821 2041,2822 2041,2823 2102,2824 2103,2825 2104,2825 2106,2827 2110,2827 2111,2828 2112,2828 2114,2830 2120,2830 2121,2831 2120,2844 2121,2844 2184,2846 2184,2845 2185,2827 2185,2827 2186,2827 2185,2845 2186,2846 2233,2847 2233,2846 2233,2844 2235,2842 2235,2841 2236,2840 2236,2839 2239,2837 2239,2836 2240,2835 2242,2835 2243,2835 2243,2836 2244,2838 2243,2840 2244,2840 2292,2841 2295,2845 2295,2848 2296,2848 2376,2850 2376,2849 2376,2848 2377,2847 2377,2846 2380,2844 2381,2844 2382,2843 2382,2842 2385,2840 2385,2839 2389,2834 2390,2834 2393,2831 2394,2831 2395,2830 2396,2830 2397,2829 2398,2829 2399,2828 2400,2828 2401,2827 2402,2827 2404,2826 2405,2826 2406,2825 2411,2825 2412,2824 2445,2824 2446,2825 2451,2826 2452,2827 2453,2827 2454,2827 2454,2831 2454,2832 2489,2832 2491,2834 2491,2836 2491,2836 2492,2836 2496,2840 2495,2850 2496,2851 2595,2853 2595,2852 2595,2847 2597,2845 2598,2840 2598,2840 2665,2841 2667,2839 2669,2839 2670,2838 2673,2838 2674,2838 2674,2834 2674,2833 2713,2834 2715,2832 2717,2834 2735,2835 2736,2835 2736,2836 2736,2837 2838,2839 2841,2836 2850,2836 2851,2835 2852,2835 2853,2834 2857,2834 2858,2833 2861,2833 2862,2833 2863,2834 2864,2834 2865,2834 2865,2835 2866,2836 2865,2858 2866,2859 2955,2861 2955,2860 2955,2859 2956,2859 2957,2858 2958,2858 2960,2860 2964,2860 2964,2860 2964,2861 2965,2862 2990,2862 2991,2863 3025,2864 3028,2867 3107,2869 3108,2867 3108,2866 3110,2864 3110,2863 3114,2860 3114,2858 3115,2857 3116,2857 3118,2855 3119,2855 3120,2854 3120,2853 3122,2851 3123,2851 3125,2849 3126,2849 3127,2848 3176,2849 3177,2850 3178,2850 3179,2851 3180,2851 3181,2852 3183,2853 3184,2854 3185,2854 3185,2854 3185,2856 3186,2857 3186,2871 3186,2872 3256,2873 3259,2871 3284,2872 3284,2871 3284,2860 3286,2859 3287,2859 3290,2862 3366,2863 3366,2863 3366,2862 3369,2860 3372,2860 3374,2858 3375,2858 3376,2857 3377,2857 3378,2856 3381,2856 3384,2853 3385,2853 3386,2852 3392,2852 3393,2851 3400,2851 3401,2850 3407,2850 3408,2849 3412,2849 3414,2852 3446,2852 3447,2853 3504,2855 3505,2856 3615,2858 3617,2856 3622,2856 3622,2856 3622,2855 3624,2853 3630,2853 3632,2855 3635,2855 3636,2856 3637,2856 3638,2857 3642,2858 3643,2859 3645,2859 3646,2860 3646,2883 3647,2884 3647,2885 3648,2886 3647,2914 3646,2915 3646,2921 3645,2922 3645,2923 3644,2924 3644,2925 3640,2929 3640,2937 3639,2937 3636,2937 3635,2938 3634,2938 3633,2939 3632,2939 3629,2942 3628,2942 3627,2943 3624,2943 3623,2944 3622,2944 3619,2947 3613,2947 3612,2947 3612,2950 3611,2951 3611,2952 3610,2954 3609,2954 3608,2955 3607,2954 3603,2954 3602,2953 3602,2952 3602,2952 3599,2952 3598,2951 3598,2949 3597,2948 3596,2948 3594,2946 3595,2940 3594,2939 3517,2938 3517,2938 3516,2949 3515,2951 3513,2951 3511,2952 3511,2953 3511,2954 3510,2954 3509,2955 3508,2954 3502,2953 3498,2950 3499,2939 3498,2938 3423,2937 3422,2938 3415,2938 3414,2939 3385,2938 3383,2936 3380,2936 3379,2935 3272,2932 3272,2932 3272,2931 3271,2930 3248,2930 3247,2931 3195,2930 3194,2931 3165,2930 3165,2931 3165,2940 3162,2942 3162,2943 3160,2945 3158,2945 3157,2946 3127,2945 3126,2946 3126,2949 3124,2951 3123,2951 3122,2952 3120,2952 3119,2951 3118,2951 3117,2950 3116,2950 3115,2950 3115,2949 3111,2944 3111,2943 3110,2942 3110,2941 3109,2940 3109,2939 3108,2938 3107,2938 3106,2937 2903,2932 2902,2933 2777,2931 2777,2931 2777,2932 2775,2934 2775,2935 2774,2936 2773,2936 2772,2937 2770,2937 2769,2937 2768,2937 2767,2936 2717,2935 2715,2933 2714,2933 2712,2931 2668,2930 2667,2929 2663,2929 2662,2928 2662,2927 2659,2924 2659,2923 2656,2920 2453,2916 2453,2916 2453,2918 2451,2920 2451,2921 2449,2923 2449,2925 2448,2926 2448,2928 2446,2929 2423,2929 2423,2929 2422,2933 2421,2935 2418,2935 2417,2936 2382,2935 2381,2936 2380,2936 2379,2937 2377,2937 2376,2936 2375,2936 2371,2932 2372,2930 2371,2929 2371,2927 2370,2926 2370,2921 2369,2921 2290,2919 2288,2921 2287,2921 2286,2922 2237,2921 2236,2922 2189,2921 2188,2920 2187,2920 2186,2919 2102,2917 2100,2919 2099,2919 2096,2922 2095,2932 2094,2934"/>
        <TextEquiv index="0">
          <Unicode>Martorff / und Melnaw (ſo ein Schloß</Unicode>
        </TextEquiv>
        <TextEquiv index="1">
          <Unicode>Martorff / und Melnaw (ſo ein Schloß</Unicode>
        </TextEquiv>
      </TextLine>
      <TextLine id="l74">
        <Coords points="1989,3038 1987,3036 1985,3036 1984,3036 1984,3020 1982,3017 1981,3017 1981,3017 1981,3016 1979,3014 1978,3014 1977,3013 1977,3009 1976,3008 1977,3007 1977,3002 1978,3001 1979,2950 1981,2948 1985,2948 1985,2948 1985,2947 1987,2945 1988,2945 1992,2942 1997,2942 1998,2941 2064,2942 2064,2943 2064,2963 2064,2963 2076,2963 2078,2961 2079,2961 2083,2958 2083,2956 2085,2954 2117,2954 2118,2954 2118,2947 2119,2946 2137,2947 2137,2946 2137,2941 2140,2939 2144,2939 2145,2940 2148,2940 2149,2941 2150,2941 2150,2941 2150,2942 2152,2944 2254,2946 2255,2945 2256,2945 2257,2944 2260,2944 2260,2944 2260,2943 2262,2941 2263,2941 2264,2940 2265,2940 2266,2940 2269,2940 2270,2939 2272,2939 2273,2940 2337,2941 2338,2942 2339,2942 2339,2943 2339,2944 2340,2945 2340,2962 2340,2962 2343,2962 2344,2963 2430,2965 2431,2965 2431,2954 2432,2953 2435,2953 2436,2952 2437,2952 2437,2952 2437,2951 2443,2945 2446,2945 2449,2943 2452,2943 2453,2942 2454,2942 2454,2942 2456,2944 2456,2945 2457,2946 2529,2947 2530,2946 2577,2947 2578,2946 2578,2945 2580,2943 2586,2943 2587,2943 2588,2943 2589,2942 2595,2942 2596,2941 2598,2941 2599,2942 2600,2942 2600,2942 2600,2943 2603,2946 2604,2946 2605,2947 2658,2948 2659,2949 2660,2949 2662,2951 2717,2952 2720,2955 2721,2955 2722,2957 2722,2969 2722,2969 2806,2971 2807,2971 2807,2962 2809,2959 2812,2959 2815,2957 2815,2956 2820,2952 2822,2952 2823,2951 2824,2951 2825,2950 2832,2950 2834,2952 2834,2968 2834,2969 2934,2971 2935,2971 2935,2970 2936,2969 2936,2965 2937,2964 2937,2963 2940,2960 2945,2960 2946,2962 2946,2965 2946,2965 2950,2965 2951,2966 2952,2967 2954,2969 2955,2969 2956,2970 2957,2970 2959,2972 2960,2972 2961,2973 3052,2975 3056,2971 3057,2971 3059,2969 3060,2969 3061,2968 3062,2968 3063,2967 3063,2964 3063,2964 3066,2964 3067,2963 3067,2961 3069,2960 3080,2960 3082,2958 3083,2958 3086,2955 3088,2955 3089,2954 3090,2954 3091,2954 3094,2954 3095,2955 3095,2958 3096,2959 3098,2959 3098,2959 3098,2960 3099,2961 3099,2962 3100,2963 3100,2964 3103,2968 3111,2968 3112,2969 3262,2972 3265,2970 3265,2969 3266,2967 3269,2967 3270,2968 3270,2969 3271,2970 3271,2974 3271,2974 3336,2976 3337,2977 3341,2977 3345,2981 3411,2983 3412,2982 3412,2969 3413,2968 3413,2967 3416,2965 3419,2965 3421,2967 3421,2968 3422,2969 3422,2983 3422,2984 3490,2985 3491,2984 3525,2985 3526,2984 3527,2985 3597,2987 3598,2986 3598,2976 3599,2975 3600,2975 3601,2974 3603,2974 3604,2973 3605,2973 3606,2972 3606,2971 3608,2969 3612,2969 3613,2968 3613,2967 3614,2967 3615,2967 3616,2966 3617,2966 3618,2965 3622,2965 3623,2966 3627,2966 3628,2968 3628,2970 3628,2970 3635,2970 3636,2971 3635,2993 3636,2993 3637,2993 3639,2995 3640,2996 3641,2997 3641,2998 3642,2999 3642,3002 3645,3005 3646,3005 3647,3006 3647,3009 3648,3010 3647,3011 3646,3056 3641,3061 3639,3061 3638,3061 3635,3061 3634,3062 3624,3062 3623,3061 3621,3061 3620,3060 3618,3060 3618,3060 3618,3059 3617,3058 3617,3048 3617,3047 3606,3047 3605,3046 3502,3044 3501,3044 3411,3043 3410,3043 3410,3044 3409,3045 3407,3043 3406,3043 3405,3042 3369,3042 3368,3041 3313,3039 3312,3040 3312,3042 3312,3042 3247,3041 3245,3043 3241,3043 3239,3041 3239,3038 3239,3038 3207,3037 3206,3038 3206,3060 3205,3060 3204,3060 3204,3060 3204,3038 3204,3037 3148,3036 3147,3037 3108,3036 3106,3038 3103,3038 3102,3039 3101,3039 3100,3040 3098,3040 3097,3041 3096,3041 3095,3042 3091,3042 3088,3044 3086,3044 3085,3045 3084,3044 3081,3044 3075,3038 3074,3038 3073,3038 3073,3037 3073,3036 2915,3033 2914,3034 2913,3034 2912,3034 2912,3035 2911,3036 2911,3038 2910,3039 2910,3040 2907,3043 2907,3044 2906,3045 2906,3046 2905,3047 2905,3048 2902,3051 2901,3051 2899,3052 2897,3052 2896,3053 2894,3053 2892,3051 2892,3033 2892,3032 2828,3031 2826,3033 2825,3033 2824,3032 2823,3032 2822,3031 2738,3029 2737,3029 2737,3036 2735,3038 2735,3039 2734,3040 2734,3041 2732,3043 2732,3045 2729,3049 2720,3048 2719,3047 2718,3047 2717,3047 2717,3046 2716,3045 2716,3044 2716,3043 2672,3042 2671,3042 2671,3029 2671,3028 2584,3026 2583,3027 2583,3038 2582,3039 2582,3040 2580,3042 2573,3042 2571,3041 2571,3037 2570,3036 2570,3027 2570,3026 2450,3024 2449,3025 2448,3025 2447,3025 2445,3023 2279,3020 2278,3021 2276,3021 2275,3022 2270,3022 2269,3023 2267,3023 2266,3024 2263,3023 2262,3024 2261,3023 2260,3023 2259,3022 2258,3022 2256,3020 2255,3020 2254,3019 2253,3019 2250,3016 2249,3016 2248,3015 2165,3013 2162,3017 2161,3022 2160,3023 2160,3024 2159,3025 2159,3026 2158,3027 2157,3027 2156,3028 2155,3028 2153,3030 2153,3031 2144,3040 2139,3040 2138,3041 2134,3037 2134,3024 2134,3024 2114,3023 2113,3023 2113,3022 2113,3021 2012,3019 2011,3019 2011,3031 2009,3033 2009,3034 2009,3035 2005,3035 2004,3036 2003,3036 2002,3037 1999,3037 1998,3038 1995,3038 1994,3039"/>
        <TextEquiv index="0">
          <Unicode>hat.) Ob aber ſolche beyde Ort / wie auch</Unicode>
        </TextEquiv>
        <TextEquiv index="1">
          <Unicode>hat.) Ob aber ſolche beyde Ort / wie auch</Unicode>
        </TextEquiv>
      </TextLine>
      <TextLine id="l75">
        <Coords points="2161,3160 2160,3159 2158,3159 2155,3156 2154,3156 2153,3155 2152,3155 2151,3154 2150,3154 2150,3154 2150,3140 2149,3139 2105,3138 2103,3140 2102,3140 2101,3141 2067,3140 2066,3141 2065,3141 2065,3142 2065,3155 2065,3155 2079,3155 2080,3156 2080,3157 2079,3157 2028,3156 2027,3157 2024,3157 2023,3156 2017,3156 2016,3155 2012,3155 2011,3154 2009,3154 2008,3153 2004,3153 2003,3152 2001,3152 1999,3149 1999,3138 1998,3138 1986,3137 1985,3136 1984,3136 1984,3136 1984,3134 1983,3133 1983,3111 1982,3109 1981,3109 1980,3108 1980,3107 1977,3104 1977,3102 1976,3101 1976,3100 1975,3099 1975,3098 1976,3097 1976,3095 1977,3094 1977,3092 1978,3090 1982,3090 1985,3088 1985,3087 1986,3086 1987,3086 1988,3085 1989,3086 1990,3084 1990,3083 1994,3080 1995,3080 1997,3077 1997,3076 1999,3075 2000,3075 2001,3074 2002,3074 2003,3072 2003,3071 2004,3071 2005,3071 2005,3070 2006,3049 2008,3047 2009,3047 2012,3044 2014,3044 2015,3043 2016,3043 2017,3042 2034,3042 2036,3042 2044,3042 2045,3043 2045,3045 2046,3046 2046,3049 2045,3050 2045,3052 2041,3056 2040,3056 2039,3057 2038,3057 2038,3057 2038,3058 2036,3060 2036,3061 2033,3064 2033,3065 2031,3066 2031,3067 2029,3069 2028,3069 2026,3071 2026,3084 2027,3084 2083,3086 2084,3084 2084,3083 2089,3078 2089,3077 2092,3074 2092,3073 2094,3072 2095,3072 2097,3070 2098,3070 2101,3066 2102,3063 2103,3062 2104,3062 2105,3061 2125,3061 2126,3061 2126,3047 2125,3046 2125,3045 2126,3044 2126,3043 2127,3043 2128,3044 2128,3046 2127,3047 2127,3061 2127,3062 2147,3062 2148,3061 2149,3061 2150,3060 2211,3061 2212,3061 2212,3054 2213,3052 2216,3052 2217,3052 2217,3051 2218,3050 2218,3049 2219,3048 2219,3047 2219,3047 2220,3047 2221,3046 2231,3046 2232,3045 2232,3043 2233,3043 2299,3044 2300,3043 2304,3043 2304,3043 2304,3041 2305,3040 2308,3040 2311,3038 2312,3038 2312,3038 2312,3040 2313,3041 2368,3042 2368,3042 2368,3043 2341,3042 2340,3043 2340,3061 2341,3062 2343,3062 2344,3063 2347,3063 2348,3064 2350,3064 2351,3065 2352,3065 2353,3066 2356,3067 2357,3068 2359,3068 2360,3069 2363,3069 2367,3073 2368,3073 2368,3073 2368,3074 2370,3076 2435,3077 2436,3076 2436,3075 2440,3071 2441,3068 2442,3067 2442,3066 2443,3065 2443,3062 2444,3061 2444,3059 2445,3058 2445,3057 2447,3055 2447,3054 2448,3053 2448,3052 2448,3052 2450,3052 2453,3054 2453,3055 2455,3057 2455,3058 2456,3059 2456,3069 2456,3070 2520,3071 2521,3070 2525,3070 2525,3071 2525,3072 2526,3072 2597,3074 2598,3073 2600,3073 2602,3071 2623,3071 2624,3071 2624,3064 2625,3063 2625,3061 2626,3059 2642,3060 2643,3059 2643,3053 2643,3053 2644,3054 2650,3054 2651,3054 2651,3055 2653,3058 2655,3058 2657,3060 2656,3076 2657,3076 2700,3077 2700,3078 2700,3082 2705,3087 2705,3089 2706,3090 2706,3102 2706,3102 2773,3104 2774,3103 2774,3084 2775,3083 2775,3078 2776,3077 2777,3069 2779,3067 2779,3065 2782,3062 2782,3061 2783,3060 2783,3059 2783,3059 2786,3059 2787,3058 2787,3056 2788,3055 2788,3053 2793,3049 2795,3049 2795,3050 2795,3055 2795,3055 2796,3055 2797,3056 2800,3056 2801,3057 2802,3057 2803,3058 2804,3058 2805,3059 2805,3062 2803,3063 2795,3063 2793,3066 2792,3080 2793,3080 2863,3082 2864,3081 2865,3081 2866,3080 2905,3080 2905,3080 2906,3072 2908,3070 2909,3070 2910,3069 2911,3069 2912,3068 2913,3068 2914,3067 2915,3067 2917,3068 2917,3072 2917,3073 2919,3073 2920,3074 2921,3074 2922,3075 2922,3076 2923,3077 2929,3077 2930,3078 2931,3078 2932,3079 2933,3079 2935,3081 3002,3083 3002,3082 3002,3081 3003,3081 3082,3082 3082,3082 3082,3080 3084,3078 3084,3077 3086,3076 3086,3074 3086,3073 3087,3073 3089,3072 3089,3071 3090,3070 3091,3070 3094,3067 3095,3067 3097,3065 3098,3065 3100,3063 3127,3063 3128,3063 3128,3062 3128,3061 3129,3061 3130,3062 3199,3064 3200,3063 3200,3061 3200,3061 3202,3061 3205,3064 3212,3064 3213,3065 3213,3076 3213,3076 3229,3077 3231,3079 3232,3079 3233,3080 3233,3081 3235,3083 3298,3084 3299,3086 3299,3087 3300,3087 3355,3088 3357,3090 3446,3092 3447,3091 3449,3091 3450,3090 3451,3090 3452,3091 3472,3092 3473,3093 3500,3093 3500,3093 3500,3087 3502,3086 3502,3086 3502,3087 3503,3088 3503,3089 3504,3090 3604,3092 3604,3091 3604,3084 3605,3084 3611,3084 3611,3083 3611,3082 3613,3081 3613,3080 3613,3080 3614,3080 3617,3077 3618,3077 3619,3076 3620,3076 3623,3073 3624,3073 3626,3072 3626,3070 3626,3069 3634,3069 3637,3072 3639,3073 3640,3074 3641,3074 3642,3075 3643,3075 3644,3076 3645,3076 3647,3078 3648,3078 3649,3078 3648,3079 3647,3079 3646,3080 3645,3080 3644,3081 3643,3099 3644,3100 3645,3100 3646,3101 3647,3101 3648,3102 3649,3102 3649,3102 3649,3106 3650,3107 3650,3108 3651,3109 3651,3111 3650,3112 3650,3115 3649,3116 3648,3137 3647,3138 3647,3139 3645,3141 3645,3142 3644,3144 3643,3144 3642,3145 3641,3145 3640,3146 3639,3146 3638,3146 3638,3148 3638,3148 3637,3148 3636,3149 3636,3151 3634,3152 3633,3152 3631,3154 3630,3154 3630,3155 3630,3156 3626,3159 3624,3159 3622,3162 3622,3163 3620,3164 3614,3164 3614,3164 3614,3166 3613,3167 3613,3170 3611,3172 3611,3173 3610,3174 3607,3174 3606,3173 3605,3173 3605,3172 3605,3171 3604,3170 3604,3155 3603,3155 3541,3153 3540,3152 3425,3150 3423,3152 3377,3151 3377,3151 3377,3152 3376,3153 3375,3153 3374,3152 3353,3151 3353,3152 3353,3155 3352,3155 3351,3155 3350,3154 3349,3154 3349,3154 3349,3151 3348,3150 3347,3150 3346,3149 3346,3148 3346,3147 3269,3145 3268,3146 3267,3146 3266,3147 3230,3147 3227,3149 3226,3149 3226,3149 3223,3152 3223,3153 3221,3154 3211,3154 3211,3155 3211,3166 3209,3167 3206,3167 3205,3166 3204,3166 3200,3161 3200,3160 3198,3159 3114,3157 3113,3159 3113,3160 3112,3161 3112,3162 3110,3163 3108,3163 3107,3164 3106,3163 3085,3162 3084,3161 3083,3161 3082,3160 3081,3160 3081,3160 3081,3159 3080,3158 3080,3146 3080,3145 3076,3145 2991,3143 2990,3144 2990,3146 2988,3148 2988,3149 2987,3150 2987,3151 2986,3152 2986,3154 2983,3157 2983,3158 2982,3158 2981,3158 2980,3159 2978,3159 2976,3161 2969,3161 2968,3162 2959,3162 2958,3161 2956,3161 2955,3160 2950,3159 2949,3158 2949,3157 2948,3156 2948,3153 2947,3152 2947,3150 2946,3149 2946,3144 2946,3143 2792,3140 2791,3141 2788,3141 2787,3142 2785,3142 2784,3141 2783,3141 2782,3140 2780,3140 2779,3139 2778,3139 2777,3138 2777,3137 2776,3136 2776,3135 2774,3133 2774,3132 2772,3130 2772,3129 2771,3128 2706,3126 2705,3127 2705,3129 2704,3130 2704,3131 2700,3135 2699,3135 2696,3138 2694,3138 2693,3137 2669,3136 2668,3135 2587,3134 2586,3133 2517,3131 2516,3130 2515,3130 2512,3127 2512,3126 2510,3124 2511,3114 2510,3113 2510,3110 2509,3109 2509,3094 2508,3093 2443,3091 2441,3093 2441,3095 2440,3096 2440,3098 2434,3104 2434,3105 2431,3108 2431,3110 2429,3112 2429,3113 2428,3114 2428,3115 2426,3116 2426,3117 2424,3119 2424,3120 2421,3122 2421,3123 2417,3127 2417,3129 2413,3133 2413,3134 2412,3135 2412,3136 2411,3137 2411,3138 2409,3140 2409,3141 2407,3143 2407,3144 2406,3145 2406,3146 2404,3148 2401,3148 2400,3148 2399,3148 2399,3148 2399,3145 2398,3144 2398,3141 2397,3140 2304,3138 2303,3139 2302,3139 2301,3140 2226,3139 2226,3139 2226,3140 2225,3141 2225,3148 2221,3152 2217,3152 2217,3152 2217,3153 2216,3153 2182,3153 2181,3154 2179,3154 2177,3156 2176,3156 2176,3156 2176,3157 2174,3159 2172,3159 2171,3159 2171,3160 2171,3160"/>
        <TextEquiv index="0">
          <Unicode>Hotzfeld / weiln Landgraff Herman auß</Unicode>
        </TextEquiv>
        <TextEquiv index="1">
          <Unicode>Hotzfeld / weiln Landgraff Herman auß</Unicode>
        </TextEquiv>
      </TextLine>
      <TextLine id="l76">
        <Coords points="1959,3264 1958,3263 1959,3247 1958,3246 1958,3238 1957,3237 1958,3201 1957,3200 1957,3181 1957,3181 2003,3182 2005,3180 2005,3178 2008,3176 2009,3176 2012,3173 2022,3173 2022,3173 2022,3169 2024,3167 2025,3169 2025,3174 2026,3174 2116,3176 2118,3174 2118,3173 2119,3172 2119,3171 2120,3170 2120,3169 2121,3168 2122,3168 2123,3167 2124,3167 2125,3166 2125,3165 2126,3165 2129,3162 2130,3162 2132,3160 2141,3160 2141,3160 2141,3161 2142,3162 2173,3163 2174,3164 2174,3167 2175,3168 2175,3181 2175,3182 2229,3183 2231,3182 2291,3183 2293,3182 2293,3179 2294,3178 2294,3177 2297,3174 2297,3173 2299,3171 2300,3171 2301,3173 2301,3178 2302,3178 2303,3178 2303,3179 2303,3191 2303,3191 2362,3193 2364,3191 2364,3190 2365,3189 2365,3188 2368,3185 2369,3185 2373,3182 2421,3183 2423,3181 2448,3182 2450,3180 2490,3180 2490,3180 2490,3174 2495,3169 2495,3168 2498,3166 2500,3166 2500,3165 2500,3164 2502,3163 2503,3163 2504,3162 2506,3162 2508,3160 2511,3160 2512,3161 2513,3161 2515,3164 2515,3167 2516,3168 2516,3179 2517,3179 2595,3181 2595,3180 2595,3171 2596,3170 2596,3168 2598,3166 2598,3165 2599,3165 2600,3165 2603,3162 2603,3161 2603,3161 2604,3161 2605,3160 2613,3160 2614,3159 2622,3159 2623,3159 2623,3158 2623,3157 2627,3157 2628,3156 2629,3156 2630,3156 2631,3156 2631,3160 2631,3161 2633,3161 2634,3162 2635,3162 2638,3165 2659,3165 2661,3167 2725,3169 2726,3168 2727,3168 2728,3167 2731,3167 2732,3166 2737,3166 2738,3167 2739,3167 2740,3168 2742,3168 2743,3169 2743,3170 2744,3172 2744,3186 2745,3186 2769,3187 2770,3189 2786,3189 2789,3191 2789,3192 2790,3194 2854,3195 2855,3195 2855,3194 2855,3193 2856,3193 2859,3191 2879,3191 2880,3190 2880,3184 2881,3183 2881,3182 2885,3179 2885,3177 2888,3174 2890,3174 2892,3172 2904,3172 2905,3172 2906,3173 2910,3173 2911,3174 2912,3174 2913,3175 2914,3175 2916,3177 2916,3178 2919,3181 2919,3183 2920,3184 2920,3197 2920,3198 2953,3199 2954,3200 2957,3200 2958,3201 2960,3201 2962,3203 3015,3204 3016,3203 3016,3193 3017,3192 3017,3189 3018,3188 3018,3187 3019,3187 3019,3185 3021,3183 3021,3182 3023,3180 3026,3180 3027,3179 3030,3179 3030,3180 3030,3182 3031,3183 3031,3185 3033,3186 3035,3186 3036,3187 3037,3187 3038,3188 3039,3188 3040,3189 3044,3190 3045,3191 3046,3191 3048,3194 3049,3194 3050,3195 3113,3196 3117,3192 3151,3193 3153,3192 3156,3192 3157,3191 3159,3194 3159,3195 3159,3195 3224,3196 3225,3196 3227,3196 3228,3195 3228,3181 3231,3179 3245,3179 3247,3177 3250,3177 3251,3176 3255,3176 3255,3177 3255,3188 3256,3188 3258,3188 3259,3189 3293,3190 3293,3190 3293,3192 3294,3193 3310,3193 3310,3194 3310,3195 3310,3195 3332,3196 3333,3197 3451,3199 3452,3199 3452,3196 3453,3195 3453,3192 3454,3191 3454,3190 3455,3190 3456,3190 3457,3188 3457,3187 3459,3185 3459,3183 3462,3181 3463,3181 3464,3180 3465,3180 3466,3179 3467,3179 3468,3178 3472,3178 3473,3177 3474,3177 3475,3176 3476,3176 3480,3181 3480,3183 3481,3183 3539,3184 3540,3186 3540,3199 3540,3199 3599,3201 3600,3200 3631,3200 3632,3200 3632,3199 3633,3198 3633,3197 3634,3196 3636,3196 3636,3196 3636,3195 3637,3194 3637,3192 3638,3192 3640,3192 3641,3191 3643,3191 3643,3191 3643,3192 3644,3193 3648,3193 3650,3195 3649,3242 3650,3243 3650,3244 3649,3245 3649,3246 3648,3247 3648,3251 3646,3253 3645,3253 3644,3254 3643,3254 3642,3255 3642,3256 3638,3260 3637,3260 3637,3260 3637,3261 3634,3263 3616,3263 3616,3264 3616,3266 3613,3267 3613,3270 3608,3276 3607,3276 3606,3277 3605,3277 3603,3279 3602,3279 3601,3280 3591,3279 3590,3280 3589,3280 3588,3281 3587,3281 3586,3282 3585,3282 3583,3280 3581,3280 3580,3279 3579,3279 3577,3277 3575,3277 3574,3277 3574,3276 3573,3275 3573,3272 3572,3271 3572,3268 3572,3267 3542,3266 3541,3266 3542,3262 3541,3261 3498,3260 3498,3261 3498,3262 3497,3263 3497,3264 3496,3264 3496,3264 3496,3260 3495,3259 3428,3258 3427,3259 3407,3258 3407,3259 3407,3262 3406,3263 3405,3265 3404,3266 3403,3266 3402,3267 3402,3269 3400,3271 3400,3272 3399,3273 3398,3273 3395,3276 3394,3276 3393,3277 3393,3278 3393,3278 3387,3278 3385,3280 3384,3280 3383,3279 3382,3279 3381,3278 3374,3278 3373,3277 3372,3277 3369,3274 3368,3274 3366,3272 3366,3269 3366,3269 3365,3269 3364,3268 3364,3267 3363,3266 3364,3257 3363,3257 3327,3256 3326,3255 3259,3253 3258,3254 3257,3254 3256,3256 3256,3260 3254,3261 3251,3261 3250,3260 3250,3258 3249,3257 3179,3256 3178,3256 3115,3255 3114,3256 3071,3255 3070,3256 3069,3256 3068,3255 3028,3254 3027,3253 3026,3253 3023,3250 3022,3250 3019,3247 2899,3244 2898,3245 2866,3245 2866,3245 2866,3247 2865,3248 2865,3249 2864,3250 2864,3251 2863,3252 2863,3257 2857,3262 2857,3263 2857,3263 2855,3263 2854,3264 2854,3265 2854,3265 2853,3265 2852,3266 2851,3266 2850,3267 2849,3267 2847,3269 2845,3269 2844,3270 2839,3270 2838,3269 2837,3269 2836,3269 2837,3248 2836,3247 2766,3246 2766,3246 2766,3247 2763,3249 2746,3249 2746,3250 2745,3263 2744,3264 2744,3265 2743,3266 2736,3266 2735,3267 2730,3267 2729,3268 2728,3268 2727,3269 2721,3269 2720,3269 2719,3269 2718,3269 2718,3268 2717,3266 2713,3266 2712,3265 2601,3263 2600,3263 2600,3265 2599,3267 2598,3267 2597,3266 2597,3259 2597,3259 2586,3259 2585,3258 2586,3244 2585,3244 2475,3241 2474,3242 2446,3242 2445,3243 2400,3242 2399,3242 2398,3242 2397,3241 2370,3241 2369,3240 2368,3240 2368,3239 2368,3238 2363,3233 2363,3232 2362,3231 2362,3228 2361,3227 2362,3194 2361,3194 2298,3192 2297,3194 2297,3196 2296,3197 2296,3198 2295,3199 2295,3201 2294,3202 2294,3203 2293,3204 2292,3206 2291,3207 2291,3208 2289,3210 2289,3211 2288,3212 2288,3215 2287,3216 2287,3217 2285,3219 2285,3221 2284,3221 2284,3222 2283,3223 2283,3226 2282,3227 2282,3228 2281,3229 2281,3230 2279,3232 2279,3233 2278,3234 2278,3237 2276,3239 2276,3240 2273,3243 2272,3243 2271,3244 2271,3245 2270,3246 2269,3245 2268,3245 2267,3243 2267,3241 2266,3241 2230,3240 2229,3239 2211,3238 2211,3239 2210,3260 2210,3260 2146,3259 2145,3260 2119,3259 2118,3260 2112,3260 2111,3260 2111,3259 2110,3258 2110,3255 2109,3254 2110,3249 2109,3248 2046,3247 2046,3247 2046,3248 2045,3249 2037,3249 2036,3249 2036,3260 2036,3261 2033,3261 2032,3261 1971,3260 1970,3261 1970,3264 1970,3264"/>
        <TextEquiv index="0">
          <Unicode>Heſſen / umbs Jahr 1380. darwider gekriegt</Unicode>
        </TextEquiv>
        <TextEquiv index="1">
          <Unicode>Heſſen / umbs Jahr 1380. darwider gekriegt</Unicode>
        </TextEquiv>
      </TextLine>
      <TextLine id="l77">
        <Coords points="1960,3371 1959,3369 1960,3338 1959,3337 1959,3333 1958,3332 1959,3292 1958,3291 1958,3264 1959,3264 1970,3264 1970,3265 1970,3270 1971,3270 2062,3272 2063,3272 2063,3269 2064,3268 2065,3268 2066,3269 2112,3270 2112,3270 2112,3261 2113,3260 2118,3260 2118,3261 2118,3270 2119,3270 2159,3271 2159,3271 2159,3270 2161,3268 2161,3267 2163,3265 2187,3266 2188,3265 2189,3265 2191,3263 2192,3263 2194,3261 2195,3261 2196,3260 2211,3260 2212,3261 2213,3261 2214,3263 2214,3264 2215,3264 2217,3265 2221,3269 2248,3269 2249,3271 2249,3272 2251,3273 2252,3273 2252,3274 2254,3274 2257,3277 2257,3280 2258,3281 2258,3282 2259,3283 2259,3284 2261,3286 2325,3288 2326,3287 2326,3285 2327,3284 2329,3284 2332,3287 2332,3288 2332,3288 2410,3290 2415,3285 2417,3285 2419,3283 2455,3284 2456,3283 2456,3281 2457,3280 2457,3279 2458,3278 2458,3277 2460,3275 2460,3274 2463,3272 2485,3272 2486,3271 2487,3271 2489,3269 2491,3270 2491,3269 2491,3268 2492,3268 2498,3268 2499,3269 2613,3271 2614,3270 2616,3270 2617,3269 2618,3269 2621,3272 2624,3272 2625,3273 2629,3274 2631,3276 2631,3285 2631,3286 2683,3287 2684,3288 2686,3288 2687,3288 2687,3293 2687,3294 2777,3296 2779,3294 2779,3293 2780,3292 2791,3292 2792,3292 2792,3291 2793,3290 2793,3286 2793,3285 2797,3285 2798,3284 2799,3284 2801,3283 2801,3281 2803,3279 2810,3279 2812,3278 2818,3278 2819,3279 2820,3279 2821,3280 2821,3283 2822,3285 2887,3286 2892,3281 2893,3281 2896,3279 2897,3279 2899,3277 2903,3277 2904,3277 2906,3277 2907,3278 2908,3278 2909,3279 2909,3297 2909,3298 2967,3299 2968,3298 3027,3299 3028,3300 3032,3300 3033,3301 3100,3303 3101,3302 3101,3290 3102,3289 3102,3287 3104,3285 3104,3284 3104,3284 3147,3285 3148,3285 3148,3291 3149,3292 3149,3298 3149,3299 3152,3299 3153,3299 3153,3300 3154,3301 3154,3302 3154,3303 3219,3304 3220,3304 3220,3293 3222,3291 3222,3290 3224,3288 3275,3289 3276,3288 3278,3288 3279,3287 3280,3287 3281,3286 3287,3286 3290,3288 3290,3289 3291,3290 3291,3297 3291,3298 3333,3299 3336,3301 3336,3304 3336,3305 3423,3307 3424,3306 3424,3301 3425,3300 3425,3298 3427,3296 3427,3295 3427,3295 3428,3295 3430,3293 3430,3292 3431,3292 3431,3291 3432,3289 3434,3289 3438,3286 3439,3286 3440,3285 3441,3285 3442,3284 3444,3284 3445,3285 3448,3285 3449,3286 3450,3286 3450,3287 3454,3288 3455,3289 3513,3290 3514,3291 3515,3291 3516,3292 3518,3292 3520,3293 3520,3294 3521,3295 3521,3306 3521,3307 3546,3308 3547,3309 3633,3310 3634,3310 3634,3309 3635,3307 3642,3308 3643,3308 3643,3309 3645,3311 3644,3312 3647,3315 3648,3315 3649,3316 3650,3316 3650,3316 3650,3320 3651,3321 3651,3355 3652,3356 3651,3358 3650,3359 3650,3364 3648,3367 3647,3367 3644,3369 3644,3370 3640,3375 3636,3375 3635,3375 3611,3375 3610,3376 3583,3375 3582,3374 3528,3373 3527,3374 3527,3385 3526,3386 3526,3389 3525,3389 3523,3389 3521,3391 3518,3391 3517,3392 3497,3391 3497,3391 3497,3373 3497,3372 3432,3371 3431,3372 3431,3388 3430,3389 3430,3391 3429,3391 3428,3391 3427,3392 3426,3392 3425,3391 3422,3391 3421,3390 3419,3390 3419,3389 3419,3388 3418,3387 3418,3373 3418,3373 3359,3371 3358,3371 3358,3370 3358,3369 3305,3368 3304,3369 3304,3377 3302,3379 3302,3380 3298,3384 3298,3385 3295,3387 3286,3387 3284,3385 3283,3385 3282,3384 3281,3384 3281,3383 3280,3382 3280,3380 3279,3379 3279,3370 3279,3370 3214,3368 3213,3369 3200,3369 3199,3369 3199,3372 3199,3373 3198,3372 3189,3372 3186,3369 3119,3367 3117,3369 3054,3368 3053,3369 2987,3367 2986,3367 2986,3366 2986,3365 2894,3363 2893,3363 2893,3362 2893,3361 2827,3360 2826,3360 2826,3375 2825,3376 2824,3376 2824,3376 2824,3377 2823,3378 2823,3379 2821,3381 2815,3381 2814,3382 2810,3381 2809,3382 2800,3382 2799,3381 2798,3381 2797,3380 2796,3380 2794,3378 2794,3375 2793,3374 2793,3368 2793,3367 2754,3366 2752,3365 2752,3363 2751,3362 2751,3361 2751,3360 2679,3359 2678,3359 2678,3360 2677,3361 2677,3362 2675,3364 2675,3366 2673,3368 2673,3372 2672,3373 2672,3374 2671,3375 2671,3376 2670,3377 2670,3378 2668,3379 2666,3379 2665,3380 2662,3380 2661,3379 2593,3378 2531,3376 2530,3377 2529,3376 2529,3375 2528,3374 2476,3373 2475,3372 2474,3372 2473,3371 2471,3371 2470,3370 2470,3368 2470,3367 2421,3366 2420,3365 2418,3365 2417,3364 2414,3364 2412,3362 2412,3355 2412,3355 2327,3353 2325,3354 2325,3355 2324,3356 2324,3358 2321,3361 2321,3363 2320,3364 2320,3365 2320,3366 2319,3366 2316,3368 2316,3371 2315,3372 2314,3372 2313,3373 2310,3373 2309,3374 2305,3373 2304,3372 2304,3371 2303,3370 2303,3369 2302,3368 2302,3357 2302,3356 2246,3355 2245,3356 2243,3356 2242,3355 2241,3355 2240,3355 2240,3354 2240,3353 2138,3351 2136,3353 2118,3352 2117,3353 2117,3357 2116,3358 2116,3359 2115,3360 2115,3364 2114,3365 2114,3366 2113,3367 2113,3368 2110,3370 2105,3370 2104,3369 2104,3354 2104,3353 2022,3351 2021,3352 2021,3367 2018,3369 2017,3369 2016,3370 2013,3370 2012,3371 1998,3371 1997,3372"/>
        <TextEquiv index="0">
          <Unicode>hat / Meyntziſch ſeyn / haben wir nicht erfahren</Unicode>
        </TextEquiv>
        <TextEquiv index="1">
          <Unicode>hat / Meyntziſch ſeyn / haben wir nicht erfahren</Unicode>
        </TextEquiv>
      </TextLine>
      <TextLine id="l78">
        <Coords points="1961,3477 1960,3475 1961,3430 1959,3428 1960,3384 1959,3383 1959,3370 1959,3370 1960,3371 2017,3372 2018,3373 2018,3376 2018,3376 2052,3377 2054,3379 2107,3380 2108,3381 2107,3391 2108,3391 2238,3394 2240,3397 2240,3399 2243,3402 2243,3404 2246,3406 2247,3406 2247,3407 2247,3408 2248,3409 2248,3417 2248,3417 2462,3422 2463,3422 2463,3423 2462,3424 2248,3419 2248,3420 2248,3430 2248,3430 2262,3431 2263,3431 2263,3432 2263,3433 2264,3433 2265,3433 2264,3436 2265,3437 2267,3437 2268,3438 2269,3438 2270,3439 2270,3440 2271,3441 2271,3446 2269,3448 2269,3449 2268,3450 2268,3451 2266,3454 2264,3454 2263,3455 2248,3454 2240,3461 2239,3461 2236,3464 2157,3462 2154,3465 1963,3461 1963,3462 1963,3468 1963,3468 2343,3476 2344,3477 2343,3477 1963,3469 1963,3470 1963,3476 1964,3477 1963,3477"/>
        <TextEquiv index="0">
          <Unicode>koͤnnen.</Unicode>
        </TextEquiv>
        <TextEquiv index="1">
          <Unicode>können.</Unicode>
        </TextEquiv>
      </TextLine>
      <TextEquiv>
        <Unicode/>
      </TextEquiv>
    </TextRegion>
    <TextRegion id="r6" orientation="-0.25" type="paragraph">
      <Coords points="2001,6147 1981,4964 1972,4032 2267,4027 2267,3810 3691,3810 3691,5251 3699,5668 3691,5947 3691,6033 3654,6028 3076,6032 2575,6038 2549,6147"/>
      <TextLine id="l79">
        <Coords points="3501,3932 3500,3931 3499,3931 3499,3930 3499,3929 3498,3928 3498,3926 3497,3925 3497,3911 3496,3911 3355,3910 3355,3911 3355,3912 3352,3914 3294,3914 3293,3915 3292,3915 3292,3914 3292,3906 3291,3906 3195,3906 3195,3906 3195,3907 3194,3908 3194,3909 3192,3911 3190,3911 3188,3909 3147,3908 3145,3906 3049,3906 3049,3906 3049,3907 3047,3909 3044,3909 3044,3909 3044,3911 3042,3913 3035,3913 3035,3913 3035,3920 3033,3922 3031,3922 3030,3923 3028,3923 3027,3921 3027,3918 3026,3917 3026,3903 3025,3903 2932,3902 2930,3904 2929,3904 2926,3907 2925,3907 2925,3908 2925,3909 2923,3911 2923,3912 2921,3913 2920,3913 2919,3914 2917,3914 2916,3915 2915,3915 2913,3917 2911,3917 2910,3918 2895,3918 2894,3917 2893,3917 2892,3916 2891,3916 2890,3915 2890,3914 2888,3912 2886,3912 2886,3912 2886,3911 2885,3910 2884,3909 2883,3909 2883,3909 2883,3908 2882,3907 2882,3905 2880,3903 2822,3903 2822,3902 2822,3901 2821,3901 2770,3901 2768,3899 2720,3898 2720,3899 2720,3923 2719,3923 2717,3923 2717,3923 2717,3907 2716,3906 2663,3906 2662,3907 2661,3906 2661,3899 2660,3898 2628,3898 2627,3897 2608,3897 2604,3892 2604,3891 2601,3889 2522,3889 2522,3889 2522,3890 2521,3891 2521,3893 2520,3894 2520,3895 2518,3897 2517,3897 2513,3901 2511,3898 2511,3897 2510,3897 2484,3896 2483,3895 2421,3895 2420,3894 2326,3894 2286,3894 2285,3895 2281,3895 2280,3894 2279,3894 2278,3893 2277,3893 2276,3892 2275,3892 2274,3891 2273,3891 2270,3887 2270,3886 2269,3885 2269,3829 2270,3828 2270,3824 2271,3823 2271,3822 2272,3822 2273,3822 2274,3821 2275,3821 2276,3820 2277,3820 2278,3819 2279,3820 2281,3820 2281,3820 2281,3826 2282,3827 2283,3827 2286,3830 2287,3830 2288,3832 2291,3832 2293,3834 2297,3834 2298,3835 2299,3835 2300,3836 2369,3836 2370,3837 2460,3837 2461,3836 2483,3836 2484,3835 2534,3836 2535,3835 2535,3834 2536,3833 2536,3830 2537,3829 2537,3826 2539,3825 2542,3825 2542,3825 2542,3826 2543,3827 2543,3828 2544,3829 2544,3830 2545,3831 2545,3839 2545,3840 2673,3840 2674,3839 2711,3839 2712,3839 2712,3836 2716,3832 2716,3831 2719,3828 2719,3827 2720,3826 2722,3826 2723,3825 2724,3827 2724,3830 2725,3831 2727,3831 2728,3833 2729,3833 2730,3834 2731,3834 2732,3835 2733,3835 2734,3836 2735,3836 2736,3837 2739,3837 2740,3838 2741,3838 2742,3839 2877,3839 2879,3838 2879,3835 2880,3834 2880,3832 2885,3827 2886,3827 2889,3824 2890,3824 2891,3823 2892,3823 2893,3822 2894,3822 2895,3821 2895,3820 2897,3818 2904,3818 2905,3817 2920,3817 2922,3819 2928,3819 2929,3820 2931,3820 2932,3821 2967,3822 2968,3823 3048,3823 3051,3820 3114,3820 3115,3819 3134,3819 3136,3817 3137,3817 3138,3816 3145,3816 3146,3815 3153,3815 3154,3814 3155,3814 3156,3815 3157,3815 3158,3816 3160,3816 3160,3817 3160,3818 3161,3818 3162,3818 3165,3821 3192,3822 3193,3823 3195,3823 3195,3823 3195,3824 3196,3825 3197,3825 3202,3830 3202,3831 3203,3832 3277,3832 3278,3833 3278,3837 3279,3839 3280,3839 3282,3841 3374,3841 3375,3841 3375,3840 3378,3836 3380,3838 3380,3839 3381,3840 3381,3845 3382,3846 3382,3848 3382,3848 3487,3849 3488,3848 3488,3839 3491,3836 3494,3836 3496,3834 3496,3833 3498,3832 3499,3832 3500,3831 3502,3831 3503,3830 3506,3830 3507,3829 3509,3829 3510,3830 3513,3830 3514,3831 3516,3831 3516,3831 3516,3832 3518,3834 3518,3849 3518,3850 3615,3850 3616,3850 3616,3846 3617,3845 3617,3840 3618,3838 3620,3838 3621,3838 3621,3837 3623,3834 3624,3835 3625,3835 3626,3836 3627,3836 3628,3837 3628,3838 3629,3839 3629,3840 3630,3841 3631,3841 3632,3842 3632,3843 3633,3844 3640,3845 3645,3850 3646,3850 3647,3851 3648,3851 3649,3852 3650,3852 3651,3853 3652,3853 3655,3856 3656,3856 3657,3856 3657,3857 3658,3858 3658,3864 3659,3865 3659,3876 3660,3877 3660,3878 3659,3879 3659,3881 3654,3886 3654,3890 3653,3891 3653,3892 3651,3894 3651,3897 3648,3900 3647,3900 3645,3902 3644,3902 3643,3903 3642,3903 3641,3904 3639,3903 3639,3904 3639,3905 3636,3907 3608,3907 3607,3908 3606,3908 3605,3909 3604,3909 3603,3910 3599,3910 3598,3909 3523,3909 3523,3909 3523,3923 3522,3924 3522,3925 3521,3926 3521,3927 3520,3928 3520,3929 3519,3930 3517,3930 3516,3931 3514,3931 3513,3932"/>
        <TextEquiv index="0">
          <Unicode>davon / an dem Fluß Mudt / nahend</Unicode>
        </TextEquiv>
        <TextEquiv index="1">
          <Unicode>davon / an dem Fluß Mudt / nahend</Unicode>
        </TextEquiv>
      </TextLine>
      <TextLine id="l80">
        <Coords points="3369,4038 3367,4036 3366,4036 3364,4035 3364,4034 3361,4031 3361,4030 3360,4029 3360,4023 3359,4022 3359,4018 3359,4017 3264,4017 3262,4018 3262,4020 3261,4021 3261,4023 3260,4024 3260,4025 3259,4026 3259,4027 3258,4029 3257,4029 3255,4031 3254,4031 3253,4032 3252,4032 3251,4033 3250,4033 3249,4034 3248,4034 3247,4035 3244,4035 3243,4036 3242,4035 3237,4035 3236,4034 3228,4034 3227,4033 3226,4033 3222,4029 3160,4028 3159,4028 3159,4024 3159,4023 3108,4023 3107,4023 3107,4013 3107,4012 3104,4012 3103,4011 3037,4011 3036,4011 3036,4025 3033,4029 3032,4029 3030,4031 3028,4031 3027,4032 3019,4032 3018,4031 3008,4031 3005,4028 3005,4015 3005,4015 2961,4015 2960,4014 2958,4014 2957,4013 2942,4012 2941,4013 2941,4034 2941,4034 2932,4034 2931,4034 2931,4013 2931,4012 2907,4012 2904,4009 2838,4009 2835,4012 2781,4012 2780,4011 2717,4010 2716,4011 2716,4012 2716,4012 2705,4012 2702,4015 2702,4018 2699,4021 2699,4022 2699,4022 2698,4022 2695,4025 2694,4025 2693,4026 2692,4026 2691,4027 2690,4027 2689,4028 2675,4028 2674,4027 2672,4027 2671,4026 2670,4026 2669,4025 2668,4025 2667,4024 2666,4024 2665,4024 2665,4023 2662,4020 2662,4007 2662,4006 2570,4006 2569,4007 2567,4007 2566,4006 2538,4006 2537,4005 2403,4004 2401,4006 2401,4007 2401,4007 2373,4007 2372,4007 2372,4008 2372,4009 2370,4009 2369,4008 2327,4008 2326,4007 2324,4007 2321,4004 2296,4004 2295,4003 2290,4003 2289,4002 2288,4002 2286,4000 2280,4000 2279,3999 2278,3999 2277,3998 2275,3996 2275,3976 2275,3976 2274,3976 2272,3974 2272,3970 2271,3969 2271,3955 2270,3954 2270,3951 2271,3950 2271,3948 2272,3947 2273,3938 2274,3937 2274,3934 2277,3931 2277,3929 2279,3927 2280,3927 2281,3926 2281,3925 2284,3922 2285,3922 2287,3920 2311,3920 2312,3919 2313,3919 2314,3918 2315,3918 2317,3916 2326,3916 2328,3914 2328,3913 2328,3913 2329,3913 2331,3914 2331,3915 2331,3916 2336,3916 2338,3918 2340,3918 2344,3922 2369,3922 2370,3923 2372,3923 2373,3924 2436,3924 2438,3926 2438,3938 2438,3938 2466,3938 2468,3940 2468,3943 2469,3944 2552,3945 2553,3944 2553,3935 2553,3935 2555,3935 2557,3933 2558,3933 2559,3932 2560,3932 2561,3931 2561,3930 2563,3928 2563,3927 2564,3926 2564,3923 2566,3921 2570,3921 2571,3922 2572,3922 2573,3923 2574,3923 2576,3924 2576,3927 2577,3928 2577,3945 2577,3946 2618,3946 2619,3947 2641,3947 2642,3948 2716,3948 2716,3948 2717,3924 2717,3923 2719,3923 2720,3924 2719,3948 2720,3948 2734,3949 2735,3947 2736,3944 2738,3942 2738,3938 2739,3937 2741,3937 2743,3938 2743,3944 2744,3945 2743,3948 2744,3949 2758,3949 2759,3950 2846,3950 2846,3950 2847,3944 2850,3941 2850,3940 2853,3936 2854,3936 2855,3935 2917,3935 2918,3935 2918,3934 2919,3932 2921,3932 2922,3932 2922,3931 2924,3928 2925,3928 2926,3927 2933,3927 2934,3926 2955,3927 2958,3930 2992,3930 2993,3930 2993,3931 2993,3932 3013,3932 3014,3933 3015,3933 3016,3934 3065,3934 3066,3935 3069,3935 3070,3936 3071,3936 3072,3937 3073,3937 3075,3939 3075,3941 3076,3942 3075,3949 3076,3949 3102,3949 3103,3950 3104,3950 3105,3951 3106,3951 3106,3952 3106,3953 3107,3953 3248,3954 3249,3953 3310,3953 3310,3953 3311,3944 3312,3943 3312,3941 3313,3939 3315,3939 3316,3938 3319,3938 3320,3937 3321,3937 3323,3935 3324,3935 3325,3936 3325,3937 3327,3939 3326,3955 3327,3955 3389,3955 3390,3957 3390,3958 3391,3958 3476,3959 3477,3958 3514,3958 3516,3956 3517,3957 3517,3960 3518,3961 3582,3961 3582,3961 3583,3948 3584,3946 3587,3946 3588,3946 3588,3945 3588,3944 3589,3944 3591,3942 3592,3942 3593,3941 3598,3941 3599,3940 3621,3940 3623,3938 3624,3938 3626,3940 3626,3942 3627,3943 3626,3961 3627,3961 3659,3962 3659,3962 3659,3963 3660,3964 3660,3985 3661,3986 3661,3987 3662,3988 3662,3992 3661,3993 3661,3996 3659,3999 3652,3999 3651,3999 3651,4000 3650,4002 3649,4002 3647,4004 3646,4004 3643,4007 3642,4007 3639,4009 3639,4010 3635,4014 3625,4014 3622,4017 3613,4017 3612,4018 3551,4018 3550,4019 3492,4019 3491,4020 3489,4018 3425,4018 3424,4018 3424,4022 3423,4024 3401,4023 3400,4024 3400,4026 3399,4027 3399,4028 3393,4034 3393,4035 3393,4035 3392,4035 3390,4037 3382,4037 3381,4038"/>
        <TextEquiv index="0">
          <Unicode>Miltenberg / und Thuͦren gelegen / all⸗</Unicode>
        </TextEquiv>
        <TextEquiv index="1">
          <Unicode>Miltenberg / und Thüren gelegen / all⸗</Unicode>
        </TextEquiv>
      </TextLine>
      <TextLine id="l81">
        <Coords points="1972,4139 1972,4138 1972,4137 2900,4141 2901,4141 2900,4140 2634,4139 2634,4139 2634,4137 2633,4136 2374,4135 2373,4134 2325,4134 2323,4131 2323,4122 2322,4122 2140,4121 2138,4119 2115,4119 2112,4116 2110,4116 2109,4115 2058,4115 2057,4114 1996,4113 1995,4112 1993,4112 1989,4108 1987,4108 1986,4107 1986,4102 1985,4101 1985,4099 1984,4098 1984,4054 1985,4053 1985,4047 1986,4046 1986,4045 1988,4043 1988,4042 1990,4040 1991,4040 1992,4039 2061,4040 2061,4039 2061,4032 2062,4032 2534,4034 2534,4033 2534,4031 2535,4031 3114,4033 3114,4034 3114,4036 3115,4036 3118,4036 3119,4037 3123,4037 3124,4038 3125,4038 3127,4040 3632,4042 3633,4043 3636,4043 3638,4045 3644,4046 3646,4048 3646,4070 3646,4071 3662,4071 3663,4071 3663,4072 3664,4073 3664,4096 3663,4097 3663,4099 3662,4100 3662,4106 3661,4107 3661,4108 3660,4109 3658,4109 3657,4110 3655,4110 3654,4111 3651,4111 3651,4111 3651,4112 3649,4114 3649,4115 3647,4117 3644,4117 3642,4119 3641,4119 3640,4120 3639,4120 3639,4120 3639,4122 3638,4122 3636,4122 3635,4123 3634,4123 3633,4124 3623,4124 3623,4125 3623,4130 3622,4131 3622,4132 3621,4133 3621,4141 3618,4143 3613,4143 3613,4144 3613,4145 3612,4145 1973,4138 1972,4139"/>
        <TextEquiv index="0">
          <Unicode>da Anno 734. ein Kloſter geſtifftet worden / deſ⸗</Unicode>
        </TextEquiv>
        <TextEquiv index="1">
          <Unicode>da Anno 734. ein Kloſter geſtifftet worden / deſ⸗</Unicode>
        </TextEquiv>
      </TextLine>
      <TextLine id="l82">
        <Coords points="3398,4256 3397,4255 3393,4255 3392,4254 1977,4248 1976,4249 1974,4249 1973,4249 1974,4168 1973,4167 1972,4167 1972,4167 1972,4140 1972,4139 2005,4139 2007,4137 2353,4139 2354,4138 2356,4140 2590,4141 2592,4143 2987,4145 2989,4147 3011,4147 3012,4148 3016,4148 3017,4149 3018,4149 3019,4150 3021,4150 3023,4152 3543,4154 3545,4156 3547,4156 3550,4159 3551,4159 3553,4161 3553,4172 3553,4172 3612,4172 3614,4174 3629,4174 3630,4175 3661,4176 3663,4178 3664,4178 3666,4180 3666,4197 3667,4198 3667,4212 3663,4217 3661,4217 3657,4221 3652,4221 3650,4223 3649,4223 3646,4225 3646,4226 3646,4227 3645,4227 3644,4228 3642,4228 3641,4228 3641,4229 3638,4232 3638,4233 3638,4233 3583,4233 3582,4234 3582,4236 3582,4236 3557,4236 3556,4237 3556,4251 3554,4253 3553,4253 3552,4254 3551,4254 3550,4255 3549,4255 3548,4256 3546,4256 3545,4257"/>
        <TextEquiv index="0">
          <Unicode>ſen erſter Abbt Amor geheiſſen / und hat her⸗</Unicode>
        </TextEquiv>
        <TextEquiv index="1">
          <Unicode>ſen erſter Abbt Amor geheiſſen / und hat her⸗</Unicode>
        </TextEquiv>
      </TextLine>
      <TextLine id="l83">
        <Coords points="1975,4360 1975,4360 1975,4357 1974,4356 1974,4339 1975,4338 1975,4307 1974,4306 1974,4291 1973,4290 1973,4250 1974,4249 1976,4249 1977,4250 2042,4251 2044,4253 2091,4253 2091,4253 2091,4274 2092,4275 2120,4275 2120,4274 2120,4266 2124,4263 2125,4263 2126,4262 2127,4262 2133,4256 2135,4256 2136,4255 2137,4256 2138,4256 2139,4257 2139,4258 2140,4259 2145,4259 2146,4260 2146,4261 2148,4263 2148,4273 2149,4274 2231,4274 2231,4274 2231,4264 2232,4263 2232,4262 2234,4260 2238,4260 2239,4262 2239,4276 2240,4276 2309,4277 2309,4276 2309,4273 2310,4272 2310,4271 2311,4270 2311,4269 2312,4268 2312,4265 2320,4257 2320,4256 2323,4254 2324,4254 2325,4253 2329,4253 2330,4252 2331,4252 2332,4251 2361,4251 2362,4250 2363,4250 2364,4251 2375,4251 2376,4252 2377,4252 2377,4252 2377,4253 2378,4254 2378,4262 2379,4263 2392,4263 2394,4265 2468,4265 2469,4264 2469,4263 2470,4262 2473,4259 2474,4259 2477,4256 2484,4256 2484,4257 2484,4272 2485,4272 2524,4273 2525,4274 2525,4275 2526,4276 2545,4276 2546,4277 2606,4277 2606,4276 2606,4255 2607,4255 2608,4255 2608,4256 2608,4277 2609,4277 2643,4277 2644,4278 2750,4279 2752,4277 2753,4277 2753,4276 2753,4275 2754,4274 2754,4271 2755,4270 2755,4269 2757,4268 2788,4268 2789,4266 2789,4264 2792,4262 2793,4262 2795,4260 2796,4260 2800,4256 2802,4256 2803,4255 2810,4255 2811,4254 2826,4254 2827,4253 2832,4253 2833,4252 2836,4252 2837,4253 2843,4253 2844,4254 2847,4254 2849,4257 2849,4282 2850,4282 2905,4282 2907,4280 2908,4280 2909,4279 2953,4280 2953,4279 2953,4278 2954,4278 2956,4278 2957,4277 3025,4277 3025,4276 3025,4272 3032,4266 3033,4266 3034,4265 3035,4265 3036,4266 3036,4269 3038,4271 3039,4271 3041,4273 3043,4273 3045,4275 3047,4275 3048,4276 3051,4276 3051,4276 3051,4277 3053,4279 3105,4279 3105,4280 3105,4281 3106,4281 3109,4281 3111,4283 3198,4284 3200,4282 3201,4282 3202,4281 3265,4281 3265,4280 3265,4277 3266,4276 3266,4275 3267,4274 3267,4272 3268,4271 3268,4270 3269,4270 3270,4270 3273,4267 3274,4267 3280,4261 3281,4261 3282,4260 3284,4260 3285,4259 3286,4259 3287,4258 3309,4258 3310,4259 3312,4259 3313,4260 3317,4260 3318,4261 3319,4261 3320,4262 3323,4262 3324,4263 3371,4263 3372,4264 3377,4264 3378,4265 3380,4265 3382,4268 3382,4269 3384,4271 3384,4284 3385,4284 3458,4285 3458,4284 3458,4283 3459,4282 3459,4281 3460,4281 3463,4284 3499,4284 3500,4285 3576,4285 3577,4284 3624,4284 3626,4282 3629,4282 3631,4285 3631,4289 3632,4289 3663,4290 3664,4291 3664,4297 3665,4298 3665,4305 3668,4308 3668,4309 3666,4311 3666,4314 3664,4316 3664,4324 3663,4325 3662,4325 3660,4327 3656,4327 3655,4328 3655,4329 3653,4331 3652,4331 3651,4332 3649,4332 3648,4333 3648,4334 3647,4335 3646,4335 3645,4336 3643,4336 3642,4337 3642,4338 3635,4344 3594,4344 3594,4345 3594,4347 3593,4348 3593,4349 3592,4350 3592,4351 3591,4352 3591,4353 3587,4356 3586,4356 3586,4357 3585,4358 3585,4359 3584,4359 3583,4359 3583,4360 3583,4361 3582,4361 3574,4361 3573,4362 3564,4362 3563,4361 3561,4361 3560,4360 3559,4360 3557,4358 3556,4358 3555,4357 3555,4354 3553,4352 3553,4350 3552,4349 3552,4346 3551,4345 3496,4345 3496,4344 3496,4341 3495,4341 3437,4341 3436,4342 3435,4342 3434,4343 3409,4342 3408,4343 3401,4343 3401,4344 3401,4349 3399,4350 3387,4350 3387,4351 3387,4361 3386,4361 3385,4361 3384,4362 3382,4362 3381,4363 3374,4363 3373,4364 3366,4364 3365,4363 3363,4363 3362,4362 3362,4347 3361,4346 3329,4346 3328,4345 3323,4345 3322,4344 3265,4344 3264,4343 3207,4343 3207,4342 3207,4341 3206,4341 3157,4340 3156,4339 3115,4339 3114,4338 3039,4338 3038,4339 3009,4339 3008,4338 2936,4337 2935,4338 2934,4338 2933,4340 2933,4341 2931,4342 2930,4342 2928,4340 2928,4339 2927,4338 2835,4338 2834,4339 2832,4339 2831,4340 2829,4340 2828,4341 2827,4341 2825,4343 2824,4342 2813,4342 2812,4341 2810,4341 2810,4340 2810,4339 2809,4339 2806,4339 2805,4338 2732,4338 2732,4338 2732,4339 2730,4341 2729,4341 2727,4343 2727,4344 2726,4345 2724,4345 2723,4343 2723,4339 2722,4339 2687,4338 2686,4337 2686,4336 2685,4335 2630,4335 2630,4336 2630,4357 2629,4357 2629,4357 2629,4336 2628,4335 2593,4335 2592,4336 2590,4336 2589,4335 2516,4335 2514,4333 2489,4332 2489,4333 2489,4359 2488,4359 2488,4359 2488,4333 2487,4332 2436,4332 2435,4333 2367,4333 2366,4334 2365,4334 2364,4335 2363,4335 2361,4337 2360,4337 2358,4339 2355,4339 2354,4340 2339,4340 2338,4339 2337,4339 2336,4338 2334,4338 2333,4337 2330,4337 2329,4336 2252,4335 2251,4336 2249,4336 2248,4335 2156,4335 2156,4336 2156,4350 2155,4351 2155,4352 2151,4355 2150,4355 2149,4356 2147,4354 2143,4354 2141,4351 2141,4349 2140,4348 2140,4336 2139,4336 2128,4336 2127,4335 2052,4335 2052,4335 2052,4349 2051,4350 2050,4350 2050,4350 2050,4358 2049,4359 1981,4358 1981,4359 1981,4360 1980,4360"/>
        <TextEquiv index="0">
          <Unicode>nach ein Edelmann / Conrad von Thurn ge⸗</Unicode>
        </TextEquiv>
        <TextEquiv index="1">
          <Unicode>nach ein Edelmann / Conrad von Thurn ge⸗</Unicode>
        </TextEquiv>
      </TextLine>
      <TextLine id="l84">
        <Coords points="2575,4468 2575,4445 2575,4445 2551,4445 2550,4444 2494,4444 2493,4444 2493,4456 2492,4457 2492,4458 2491,4459 2491,4460 2491,4460 2482,4460 2481,4461 2480,4461 2479,4462 2474,4462 2471,4460 2471,4459 2469,4457 2469,4446 2469,4445 2406,4445 2405,4446 2403,4446 2402,4447 2401,4446 2335,4446 2334,4445 2333,4445 2330,4442 2329,4442 2326,4439 2326,4438 2323,4435 2323,4432 2322,4431 2322,4428 2321,4427 2321,4412 2321,4412 2258,4411 2257,4412 2257,4413 2256,4414 2256,4416 2255,4417 2255,4419 2253,4421 2253,4422 2252,4423 2252,4425 2251,4426 2251,4427 2250,4428 2250,4429 2249,4430 2249,4433 2248,4434 2248,4435 2247,4436 2247,4439 2246,4440 2246,4441 2244,4443 2244,4447 2243,4448 2243,4449 2243,4449 2242,4449 2241,4450 2241,4451 2241,4451 2240,4451 2239,4452 2238,4452 2235,4450 2235,4446 2235,4445 2150,4445 2149,4446 2124,4446 2123,4445 1984,4444 1983,4445 1983,4465 1983,4465 1982,4465 1981,4466 1976,4466 1975,4466 1976,4399 1975,4398 1975,4386 1974,4385 1974,4374 1975,4373 1975,4361 1975,4360 1980,4360 1981,4361 2014,4361 2016,4363 2016,4386 2016,4386 2098,4387 2101,4384 2145,4384 2146,4383 2147,4383 2148,4382 2199,4382 2201,4380 2202,4380 2204,4378 2205,4378 2206,4377 2207,4377 2208,4376 2261,4376 2265,4373 2268,4373 2269,4373 2269,4374 2270,4375 2270,4400 2270,4401 2329,4401 2331,4399 2331,4398 2339,4390 2339,4389 2342,4386 2343,4386 2344,4385 2406,4385 2407,4384 2450,4384 2451,4384 2451,4375 2453,4372 2458,4372 2460,4371 2460,4370 2461,4368 2462,4368 2463,4367 2464,4367 2467,4364 2471,4364 2472,4365 2474,4365 2475,4366 2476,4366 2479,4369 2479,4384 2479,4384 2554,4385 2555,4384 2557,4384 2558,4383 2558,4372 2560,4370 2560,4369 2561,4368 2565,4368 2566,4368 2566,4369 2567,4370 2567,4371 2568,4372 2568,4384 2568,4385 2635,4385 2636,4385 2636,4384 2637,4383 2637,4381 2640,4377 2641,4377 2642,4377 2642,4376 2643,4374 2644,4374 2645,4373 2646,4373 2647,4372 2648,4372 2651,4369 2653,4369 2654,4368 2655,4368 2656,4367 2658,4367 2659,4366 2660,4366 2661,4365 2665,4365 2666,4364 2667,4364 2670,4362 2670,4361 2670,4360 2673,4360 2675,4362 2682,4362 2683,4363 2686,4363 2687,4364 2724,4365 2725,4366 2791,4366 2793,4364 2793,4362 2793,4362 2794,4362 2795,4361 2796,4362 2797,4362 2798,4362 2798,4363 2800,4366 2801,4366 2803,4367 2803,4371 2803,4372 2824,4372 2826,4373 2826,4378 2826,4379 2891,4379 2893,4378 2893,4377 2895,4375 2895,4374 2896,4372 2897,4372 2900,4369 2901,4369 2902,4368 2903,4368 2904,4367 2908,4367 2910,4369 2910,4370 2910,4370 2966,4371 2968,4372 2968,4386 2968,4387 3047,4387 3048,4386 3048,4378 3057,4369 3061,4369 3062,4368 3064,4368 3065,4367 3066,4367 3067,4366 3068,4367 3069,4367 3072,4370 3072,4372 3073,4373 3073,4387 3073,4387 3152,4387 3153,4386 3199,4387 3200,4386 3200,4384 3201,4383 3201,4380 3202,4379 3202,4378 3206,4374 3207,4374 3212,4369 3213,4369 3214,4368 3218,4368 3219,4367 3224,4367 3225,4368 3226,4368 3229,4371 3230,4371 3231,4372 3348,4372 3350,4374 3350,4375 3353,4378 3353,4391 3353,4391 3411,4392 3413,4390 3498,4390 3499,4389 3499,4388 3505,4382 3505,4380 3505,4380 3509,4380 3510,4379 3510,4377 3511,4376 3511,4374 3512,4373 3512,4372 3514,4370 3515,4370 3516,4369 3517,4369 3518,4368 3518,4367 3518,4367 3519,4367 3520,4366 3526,4366 3527,4365 3535,4365 3536,4365 3536,4364 3536,4363 3538,4365 3541,4365 3544,4368 3547,4368 3551,4372 3551,4373 3551,4373 3552,4373 3553,4374 3587,4374 3589,4376 3589,4380 3589,4380 3627,4380 3628,4381 3628,4383 3628,4383 3633,4383 3635,4385 3635,4388 3635,4388 3638,4388 3639,4389 3639,4398 3639,4399 3667,4399 3668,4399 3668,4403 3669,4404 3668,4409 3669,4410 3669,4424 3668,4425 3668,4434 3666,4437 3663,4437 3661,4439 3657,4439 3654,4442 3653,4442 3652,4442 3649,4445 3649,4446 3649,4447 3648,4447 3645,4450 3620,4449 3619,4450 3618,4450 3616,4452 3615,4452 3614,4453 3613,4453 3612,4454 3576,4454 3575,4453 3510,4453 3509,4452 3444,4452 3443,4452 3443,4453 3442,4454 3442,4455 3441,4457 3419,4457 3418,4457 3418,4458 3418,4459 3363,4458 3362,4459 3362,4462 3362,4462 3360,4462 3359,4463 3359,4466 3359,4466 3358,4466 3357,4467 3357,4468 3357,4468 3356,4468 3353,4471 3349,4471 3348,4470 3347,4470 3346,4470 3346,4468 3345,4467 3345,4455 3345,4454 3333,4454 3331,4452 3252,4452 3251,4453 3213,4453 3211,4454 3211,4455 3211,4456 3210,4456 3209,4456 3209,4460 3208,4461 3208,4462 3207,4464 3142,4463 3141,4464 3140,4464 3139,4465 3138,4465 3137,4466 3137,4467 3136,4468 3134,4467 3134,4450 3134,4449 3066,4449 3064,4451 3062,4451 3061,4450 3003,4450 3002,4449 3002,4448 3001,4447 2869,4446 2868,4447 2867,4447 2866,4448 2866,4459 2865,4460 2864,4460 2863,4460 2863,4457 2863,4456 2859,4456 2858,4455 2857,4455 2856,4455 2856,4447 2856,4446 2746,4446 2745,4447 2704,4446 2703,4447 2702,4447 2701,4448 2700,4448 2699,4449 2694,4449 2693,4450 2685,4450 2684,4451 2680,4451 2679,4450 2669,4450 2667,4448 2663,4448 2662,4447 2607,4447 2606,4446 2604,4446 2603,4445 2578,4445 2577,4445 2577,4469 2577,4470"/>
        <TextEquiv index="0">
          <Unicode>nannt / auch ein Staͤdtlein bey ſolchem Klo⸗</Unicode>
        </TextEquiv>
        <TextEquiv index="1">
          <Unicode>nannt / auch ein Städtlein bey ſolchem Klo⸗</Unicode>
        </TextEquiv>
      </TextLine>
      <TextLine id="l85">
        <Coords points="2109,4574 2109,4573 2109,4555 2108,4555 2034,4555 2033,4555 2013,4555 2013,4556 2013,4557 2012,4558 2012,4566 2011,4567 2011,4569 2010,4570 2010,4572 2008,4573 2003,4573 2002,4572 2000,4572 1999,4571 1976,4571 1976,4571 1976,4498 1975,4497 1975,4467 1976,4466 1981,4466 1982,4465 1983,4465 1983,4466 1983,4471 1984,4471 2036,4472 2036,4472 2036,4474 2040,4478 2041,4478 2042,4479 2043,4479 2044,4480 2048,4480 2049,4481 2049,4492 2050,4493 2103,4493 2103,4492 2103,4468 2104,4468 2104,4468 2104,4492 2105,4493 2136,4493 2136,4492 2136,4474 2138,4473 2175,4473 2176,4472 2177,4472 2178,4471 2180,4471 2181,4470 2182,4470 2183,4469 2229,4469 2230,4470 2231,4470 2231,4471 2231,4472 2232,4473 2232,4493 2233,4493 2291,4494 2292,4493 2320,4493 2321,4494 2356,4494 2357,4495 2358,4495 2359,4496 2361,4496 2362,4497 2363,4497 2365,4499 2365,4500 2367,4502 2460,4502 2461,4501 2463,4501 2464,4500 2465,4500 2466,4499 2467,4499 2468,4500 2470,4500 2471,4501 2566,4502 2567,4503 2568,4503 2573,4508 2573,4510 2574,4511 2574,4528 2574,4529 2637,4529 2638,4529 2638,4523 2639,4522 2639,4519 2640,4518 2640,4517 2643,4514 2643,4513 2646,4510 2646,4509 2652,4503 2654,4503 2660,4497 2660,4496 2662,4494 2665,4494 2666,4493 2720,4493 2720,4493 2720,4485 2722,4483 2722,4482 2723,4482 2724,4482 2725,4480 2725,4479 2726,4479 2727,4479 2728,4478 2729,4478 2731,4476 2733,4476 2734,4475 2736,4475 2737,4474 2739,4474 2740,4475 2742,4475 2744,4477 2745,4477 2745,4477 2745,4495 2746,4496 2819,4496 2822,4493 2823,4493 2825,4495 2900,4495 2902,4493 2903,4493 2906,4490 2907,4490 2908,4489 2909,4489 2910,4490 2913,4490 2913,4491 2913,4492 2915,4493 2979,4494 2980,4493 2984,4493 2986,4495 2987,4495 2989,4497 3056,4497 3056,4496 3056,4481 3058,4480 3062,4480 3064,4482 3064,4484 3065,4485 3129,4485 3131,4483 3132,4483 3134,4481 3135,4481 3136,4480 3141,4480 3142,4479 3144,4479 3145,4478 3146,4478 3147,4477 3150,4477 3151,4476 3156,4476 3157,4475 3176,4475 3177,4474 3179,4474 3180,4475 3183,4476 3184,4477 3205,4477 3206,4478 3220,4478 3221,4479 3221,4502 3222,4503 3269,4503 3269,4502 3269,4501 3271,4500 3272,4500 3273,4501 3274,4501 3275,4502 3352,4502 3353,4501 3354,4501 3355,4500 3361,4500 3362,4499 3364,4499 3365,4501 3365,4503 3366,4503 3418,4504 3418,4503 3418,4495 3420,4494 3420,4494 3420,4501 3421,4502 3467,4502 3468,4501 3472,4501 3472,4501 3472,4502 3473,4503 3494,4503 3496,4505 3497,4505 3497,4505 3497,4506 3499,4508 3500,4508 3501,4509 3533,4509 3534,4510 3536,4510 3537,4511 3616,4511 3617,4510 3625,4510 3626,4509 3630,4509 3631,4508 3638,4508 3639,4508 3640,4509 3641,4509 3643,4511 3643,4536 3643,4537 3658,4537 3659,4537 3659,4541 3659,4542 3660,4542 3663,4544 3663,4545 3666,4548 3666,4549 3667,4550 3662,4555 3661,4555 3660,4556 3659,4556 3656,4559 3646,4559 3646,4559 3646,4564 3645,4565 3626,4564 3626,4564 3626,4558 3625,4557 3545,4557 3543,4559 3542,4559 3541,4560 3498,4560 3497,4561 3496,4561 3494,4563 3493,4563 3491,4565 3490,4564 3421,4564 3420,4563 3398,4562 3397,4561 3396,4561 3395,4560 3326,4560 3326,4561 3326,4562 3325,4562 3290,4562 3290,4562 3290,4565 3289,4566 3269,4566 3268,4567 3267,4567 3267,4566 3267,4561 3266,4561 3228,4561 3227,4562 3225,4562 3225,4562 3225,4569 3224,4570 3224,4569 3224,4562 3223,4562 3181,4562 3179,4563 3170,4563 3169,4562 3162,4562 3161,4561 3146,4561 3145,4560 3144,4560 3142,4558 3135,4558 3134,4557 3080,4557 3080,4558 3080,4567 3079,4567 3058,4567 3058,4567 3058,4569 3056,4571 3056,4570 3056,4566 3055,4566 3044,4566 3044,4565 3044,4555 3043,4555 2951,4555 2951,4555 2951,4556 2948,4559 2948,4561 2947,4561 2945,4561 2941,4565 2940,4565 2939,4566 2932,4566 2931,4565 2931,4558 2930,4557 2868,4557 2867,4558 2866,4558 2865,4557 2837,4557 2836,4556 2834,4556 2833,4555 2735,4555 2734,4556 2680,4555 2677,4559 2677,4562 2674,4565 2674,4566 2672,4567 2671,4567 2667,4571 2663,4571 2662,4572 2661,4572 2660,4573 2659,4573 2658,4574 2651,4574 2650,4573 2641,4573 2641,4573 2641,4570 2639,4568 2637,4568 2636,4567 2636,4564 2635,4563 2635,4550 2634,4549 2575,4549 2574,4550 2574,4551 2573,4552 2573,4553 2570,4556 2570,4557 2567,4560 2566,4560 2564,4562 2564,4563 2562,4565 2561,4565 2560,4566 2556,4566 2555,4567 2514,4567 2512,4569 2511,4569 2510,4570 2510,4571 2509,4572 2507,4572 2505,4574 2503,4574 2502,4575 2502,4574 2502,4573 2501,4572 2501,4571 2500,4570 2500,4552 2499,4552 2414,4551 2413,4552 2352,4552 2350,4554 2320,4554 2319,4555 2271,4555 2269,4557 2214,4556 2214,4556 2214,4554 2213,4553 2150,4553 2150,4554 2150,4574 2149,4574"/>
        <TextEquiv index="0">
          <Unicode>ſter / Anno 1253. gebauet; wie Sauer am 201.</Unicode>
        </TextEquiv>
        <TextEquiv index="1">
          <Unicode>ſter / Anno 1253. gebauet; wie Sauer am 201.</Unicode>
        </TextEquiv>
      </TextLine>
      <TextLine id="l86">
        <Coords points="3269,4696 3268,4695 3257,4695 3254,4692 3254,4691 3254,4691 2458,4687 2457,4688 2160,4687 2159,4688 2159,4689 2159,4689 2157,4689 2156,4689 2156,4686 2156,4685 1978,4684 1977,4684 1978,4632 1977,4631 1977,4602 1976,4601 1976,4572 1976,4571 1977,4572 1977,4573 1977,4573 2150,4574 2151,4575 2151,4577 2151,4577 2812,4580 2814,4582 3031,4583 3032,4584 3033,4584 3034,4585 3320,4586 3321,4587 3322,4587 3324,4589 3324,4591 3324,4591 3425,4592 3426,4593 3433,4593 3434,4594 3439,4594 3440,4595 3441,4595 3443,4597 3444,4597 3447,4599 3447,4602 3448,4603 3448,4605 3449,4606 3449,4610 3449,4611 3585,4611 3586,4612 3586,4614 3586,4614 3642,4615 3643,4615 3642,4644 3643,4645 3658,4645 3659,4646 3659,4647 3660,4648 3660,4650 3661,4651 3663,4651 3664,4652 3665,4652 3667,4654 3667,4660 3666,4661 3666,4662 3663,4666 3662,4666 3661,4667 3659,4667 3658,4668 3651,4668 3650,4668 3650,4691 3649,4692 3649,4693 3649,4694 3280,4692 3279,4692 3279,4693 3278,4695 3275,4695 3274,4696"/>
        <TextEquiv index="0">
          <Unicode>Blat ſchreibet. Es ſagt Chriſtoph. Brouu.</Unicode>
        </TextEquiv>
        <TextEquiv index="1">
          <Unicode>Blat ſchreibet. Es ſagt Chriſtoph. Brouu.</Unicode>
        </TextEquiv>
      </TextLine>
      <TextLine id="l87">
        <Coords points="3046,4805 3044,4803 2451,4800 2450,4799 2431,4799 2430,4798 2430,4797 2429,4796 2195,4795 2194,4794 2073,4794 2073,4793 2073,4792 2072,4792 1978,4791 1978,4791 1978,4691 1977,4690 1977,4685 1978,4684 1983,4684 1984,4685 2818,4689 2819,4690 2821,4690 2823,4692 2825,4692 2826,4693 2826,4694 2827,4695 3606,4698 3608,4700 3609,4700 3610,4701 3611,4701 3611,4702 3611,4703 3612,4704 3612,4719 3613,4719 3669,4720 3671,4722 3671,4762 3673,4764 3673,4765 3674,4766 3674,4771 3673,4772 3670,4772 3668,4774 3662,4774 3661,4775 3660,4775 3656,4779 3654,4779 3653,4780 3652,4780 3650,4782 3649,4782 3648,4783 3598,4782 3597,4783 3595,4783 3595,4784 3595,4786 3594,4787 3594,4793 3593,4794 3593,4797 3591,4798 3590,4798 3589,4799 3588,4799 3586,4801 3560,4801 3560,4802 3560,4803 3559,4803 3069,4801 3069,4802 3069,4803 3067,4804 3048,4804 3047,4805"/>
        <TextEquiv index="0">
          <Unicode>lib. 2. Antiq. Fuldenſ. c. 10. p. 143. daß dieſer</Unicode>
        </TextEquiv>
        <TextEquiv index="1">
          <Unicode>lib. 2. Antiq. Fuldenſ. c. 10. p. 143. daß dieſer</Unicode>
        </TextEquiv>
      </TextLine>
      <TextLine id="l88">
        <Coords points="3570,4917 3569,4917 3567,4916 3567,4915 3566,4914 3566,4912 3566,4911 2794,4908 2791,4905 2791,4904 2791,4904 2785,4904 2782,4901 2782,4900 2781,4899 1984,4895 1983,4896 1983,4901 1981,4903 1981,4907 1980,4908 1980,4910 1980,4910 1979,4910 1979,4862 1979,4861 1979,4809 1978,4808 1978,4792 1978,4791 2588,4794 2589,4794 2589,4797 2589,4798 2816,4799 2817,4799 2817,4801 2817,4802 3376,4804 3377,4805 3378,4805 3379,4806 3380,4806 3382,4808 3382,4809 3383,4810 3383,4811 3383,4811 3509,4812 3511,4813 3511,4814 3512,4815 3512,4818 3512,4819 3521,4819 3522,4819 3522,4827 3522,4828 3575,4828 3576,4829 3665,4830 3666,4831 3669,4831 3671,4832 3671,4834 3672,4835 3672,4836 3672,4837 3673,4837 3675,4839 3676,4839 3678,4840 3678,4846 3679,4847 3678,4873 3679,4874 3679,4875 3678,4876 3678,4885 3676,4887 3676,4888 3674,4891 3672,4891 3671,4892 3670,4892 3669,4893 3668,4893 3667,4894 3647,4894 3646,4895 3642,4895 3641,4896 3611,4895 3610,4896 3591,4896 3590,4897 3590,4898 3589,4899 3589,4900 3585,4904 3585,4905 3583,4907 3582,4907 3580,4909 3579,4909 3577,4911 3577,4914 3577,4914 3573,4914 3572,4915 3572,4916 3571,4917 3571,4918 3571,4918"/>
        <TextEquiv index="0">
          <Unicode>Ort in der Wuͦrtzburgiſchen Diœceſi gelegen</Unicode>
        </TextEquiv>
        <TextEquiv index="1">
          <Unicode>Ort in der Würtzburgiſchen Diœceſi gelegen</Unicode>
        </TextEquiv>
      </TextLine>
      <TextLine id="l89">
        <Coords points="2054,5020 2054,5019 2054,5014 2053,5014 2014,5013 2013,5012 2012,5012 2011,5011 2011,4991 2010,4990 2010,4985 2009,4984 2009,4980 2008,4979 2008,4913 2008,4912 1980,4912 1979,4912 1979,4911 1980,4910 2307,4912 2307,4911 2307,4910 2308,4910 2309,4910 2311,4908 2314,4908 2315,4907 2320,4907 2321,4906 2353,4906 2356,4909 2358,4909 2359,4910 2608,4911 2609,4912 2610,4912 2612,4914 3619,4918 3621,4916 3629,4916 3630,4917 3632,4917 3633,4918 3639,4919 3640,4920 3641,4920 3641,4920 3641,4921 3642,4922 3642,4938 3643,4939 3663,4939 3664,4940 3667,4940 3668,4941 3668,4950 3673,4955 3673,4960 3674,4961 3674,4963 3675,4964 3676,4964 3676,4964 3676,4967 3677,4968 3677,4969 3675,4971 3675,4975 3673,4977 3673,4978 3671,4980 3671,4981 3669,4983 3669,4986 3666,4989 3666,4990 3664,4992 3663,4992 3662,4993 3661,4993 3658,4996 3657,4996 3656,4997 3655,4997 3654,4998 3653,4998 3652,4999 3652,5001 3651,5002 3649,5002 3648,5003 3614,5002 3614,5003 3614,5005 3613,5006 3613,5011 3612,5012 3612,5015 3611,5016 3611,5018 3610,5018 3609,5018 3607,5020 3605,5020 3605,5020 3605,5019 3604,5018 2964,5016 2857,5015 2856,5016 2849,5016 2848,5017 2847,5017 2846,5016 2844,5016 2843,5015 2842,5015 2841,5014 2840,5014 2839,5013 2837,5013 2836,5012 2088,5009 2087,5010 2087,5011 2085,5013 2085,5014 2083,5016 2056,5016 2056,5016 2056,5017 2256,5017 2257,5018 2256,5018 2056,5018 2056,5018 2056,5019 2055,5020"/>
        <TextEquiv index="0">
          <Unicode>ſeye. Deme aber mag ſeyn / wie es woͤlle / ſo</Unicode>
        </TextEquiv>
        <TextEquiv index="1">
          <Unicode>ſeye. Deme aber mag ſeyn / wie es wölle / ſo</Unicode>
        </TextEquiv>
      </TextLine>
      <TextLine id="l90">
        <Coords points="3068,5131 3067,5130 3066,5130 3065,5130 3065,5129 3065,5128 3064,5128 3063,5127 3063,5125 3063,5125 2275,5122 2274,5123 2271,5123 2270,5124 2268,5124 2267,5123 2040,5122 2038,5120 2036,5120 2034,5118 2034,5114 2034,5114 2028,5113 2027,5113 2027,5112 2027,5111 1983,5111 1982,5111 1982,5093 1983,5092 2003,5092 2003,5092 2004,5059 2005,5058 2005,5057 2006,5056 2006,5055 2007,5054 2007,5053 2007,5052 2009,5052 2011,5050 2012,5050 2015,5047 2016,5047 2017,5046 2018,5046 2019,5046 2019,5033 2020,5032 2020,5031 2020,5030 2047,5031 2051,5027 2052,5027 2053,5026 2053,5025 2054,5024 2054,5020 2054,5020 2254,5020 2255,5020 2255,5019 2255,5018 2594,5020 2595,5019 3266,5022 3269,5019 3283,5019 3285,5021 3292,5021 3295,5024 3569,5025 3570,5026 3573,5026 3574,5027 3575,5027 3576,5028 3577,5028 3581,5032 3581,5035 3581,5035 3623,5035 3624,5036 3625,5036 3626,5037 3626,5038 3627,5039 3627,5040 3628,5041 3628,5042 3628,5042 3646,5043 3647,5043 3647,5044 3647,5045 3649,5045 3650,5045 3650,5080 3650,5081 3662,5081 3664,5082 3664,5085 3667,5088 3667,5089 3668,5090 3668,5091 3669,5092 3668,5096 3667,5097 3667,5099 3666,5101 3665,5101 3663,5103 3662,5103 3661,5103 3661,5106 3661,5107 3641,5107 3640,5107 3640,5117 3637,5120 3637,5121 3636,5122 3636,5123 3635,5124 3635,5125 3634,5126 3633,5126 3631,5128 3392,5127 3389,5130 3387,5130 3386,5131 3078,5130 3077,5131"/>
        <TextEquiv index="0">
          <Unicode>iſt doch dieſes Staͤdtlein Chur⸗Meyntziſch.</Unicode>
        </TextEquiv>
        <TextEquiv index="1">
          <Unicode>iſt doch dieſes Städtlein Chur⸗Meyntziſch.</Unicode>
        </TextEquiv>
      </TextLine>
      <TextLine id="l91">
        <Coords points="2547,5237 2545,5234 2545,5233 2544,5233 1984,5230 1984,5230 1984,5172 1983,5171 1983,5137 1984,5136 2019,5136 2021,5134 2022,5134 2024,5132 2025,5132 2027,5130 2029,5130 2029,5130 2029,5124 2030,5123 2032,5123 2032,5124 2032,5127 2033,5128 3267,5133 3269,5131 3271,5131 3272,5130 3279,5130 3280,5129 3291,5129 3292,5130 3295,5130 3296,5131 3302,5131 3303,5132 3305,5132 3306,5133 3307,5133 3309,5136 3309,5137 3310,5137 3585,5138 3586,5139 3587,5139 3587,5140 3587,5141 3589,5143 3589,5147 3590,5147 3672,5148 3673,5149 3673,5150 3674,5151 3674,5155 3675,5156 3675,5158 3676,5159 3676,5162 3675,5163 3675,5203 3674,5204 3674,5205 3673,5206 3673,5207 3672,5208 3672,5209 3671,5210 3670,5210 3669,5211 3669,5212 3668,5213 3667,5213 3666,5214 3665,5214 3663,5216 3663,5217 3661,5219 3594,5218 3594,5219 3594,5233 3591,5235 3589,5235 3588,5236 3587,5236 3586,5237 3580,5237 3579,5238 3171,5236 3170,5237 2555,5235 2553,5237"/>
        <TextEquiv index="0">
          <Unicode>An. 1642. den 31. Decembr. deß Nachts / hat</Unicode>
        </TextEquiv>
        <TextEquiv index="1">
          <Unicode>An. 1642. den 31. Decembr. deß Nachts / hat</Unicode>
        </TextEquiv>
      </TextLine>
      <TextLine id="l92">
        <Coords points="2436,5348 2435,5347 2434,5347 2431,5345 2431,5328 2431,5327 2348,5327 2347,5328 2346,5327 2269,5327 2266,5329 2266,5331 2264,5333 2264,5334 2263,5335 2263,5337 2262,5338 2262,5340 2259,5343 2258,5343 2257,5344 2255,5344 2253,5346 2243,5346 2242,5347 2241,5347 2240,5346 2237,5346 2236,5345 2235,5345 2234,5344 2233,5344 2232,5343 2231,5343 2230,5342 2229,5342 2225,5339 2225,5338 2224,5337 2224,5329 2224,5328 2211,5328 2208,5325 2135,5325 2134,5326 2059,5326 2058,5326 2058,5343 2058,5344 2057,5343 2057,5328 2057,5328 2044,5328 2043,5327 2017,5326 2010,5319 2009,5319 2007,5317 2007,5316 2006,5315 2006,5312 2005,5311 2005,5290 2004,5289 1985,5289 1985,5289 1985,5246 1985,5245 1986,5246 1986,5264 1986,5264 2053,5265 2054,5264 2054,5252 2057,5249 2057,5248 2057,5248 2107,5248 2108,5247 2108,5244 2108,5244 2109,5244 2110,5244 2110,5264 2110,5265 2186,5265 2187,5264 2212,5264 2213,5265 2282,5266 2283,5265 2283,5250 2283,5250 2284,5250 2285,5250 2285,5264 2285,5265 2322,5265 2323,5266 2398,5266 2399,5266 2399,5255 2400,5254 2400,5253 2401,5251 2402,5251 2405,5248 2406,5248 2408,5246 2439,5246 2440,5245 2447,5245 2448,5246 2449,5246 2450,5247 2451,5247 2455,5251 2455,5266 2455,5266 2521,5267 2522,5266 2522,5264 2523,5263 2523,5258 2524,5257 2524,5256 2526,5254 2526,5253 2526,5253 2527,5253 2528,5252 2529,5252 2531,5250 2532,5250 2534,5248 2535,5248 2536,5247 2537,5247 2539,5248 2539,5249 2540,5250 2540,5252 2540,5253 2609,5253 2611,5251 2612,5251 2613,5250 2614,5250 2616,5248 2618,5248 2619,5247 2621,5247 2622,5246 2624,5248 2625,5248 2626,5249 2626,5251 2627,5252 2627,5265 2627,5265 2718,5265 2719,5264 2720,5265 2721,5264 2723,5265 2723,5267 2723,5268 2798,5268 2799,5267 2799,5266 2800,5265 2800,5264 2801,5263 2801,5261 2802,5260 2802,5259 2803,5258 2803,5257 2805,5255 2805,5253 2806,5252 2806,5251 2806,5251 2807,5251 2811,5247 2816,5247 2819,5244 2819,5243 2819,5243 2851,5243 2852,5244 2853,5244 2855,5246 2855,5249 2856,5250 2856,5269 2856,5269 2931,5269 2933,5268 2933,5266 2934,5265 2934,5264 2934,5263 2935,5263 2936,5263 2936,5262 2937,5261 2937,5260 2937,5259 2938,5259 2942,5255 2943,5255 2946,5252 2947,5252 2948,5251 2949,5252 2952,5249 2953,5249 2954,5248 2955,5248 2956,5247 2957,5247 2958,5246 2967,5246 2968,5245 2968,5244 2968,5244 2973,5244 2974,5243 2982,5243 2983,5244 2992,5244 2993,5245 2998,5245 2999,5246 3001,5246 3002,5247 3025,5247 3026,5248 3027,5248 3028,5248 3028,5259 3028,5260 3056,5260 3058,5261 3058,5265 3058,5266 3087,5266 3088,5267 3088,5268 3088,5268 3204,5269 3205,5268 3205,5266 3206,5265 3206,5264 3209,5261 3209,5260 3211,5258 3231,5258 3232,5257 3232,5253 3234,5251 3234,5250 3236,5248 3237,5248 3239,5249 3239,5250 3241,5252 3241,5265 3241,5266 3336,5266 3337,5266 3337,5264 3337,5263 3339,5263 3341,5261 3342,5261 3344,5259 3347,5259 3348,5259 3348,5254 3350,5252 3350,5251 3351,5250 3351,5249 3351,5248 3354,5248 3356,5250 3356,5266 3356,5266 3422,5267 3424,5265 3424,5264 3424,5264 3445,5264 3446,5263 3468,5263 3469,5262 3526,5262 3528,5260 3529,5260 3530,5261 3531,5262 3531,5263 3531,5263 3597,5263 3598,5263 3598,5256 3599,5255 3599,5253 3599,5252 3606,5252 3608,5251 3608,5250 3609,5249 3609,5248 3610,5246 3611,5246 3612,5245 3627,5245 3631,5249 3631,5266 3632,5267 3632,5268 3633,5269 3671,5270 3672,5271 3673,5271 3675,5272 3675,5274 3676,5275 3676,5289 3677,5290 3677,5294 3676,5295 3676,5303 3673,5306 3671,5306 3670,5307 3668,5307 3667,5308 3666,5308 3665,5309 3665,5310 3663,5312 3662,5312 3662,5312 3662,5313 3661,5314 3659,5314 3658,5315 3658,5317 3657,5318 3657,5319 3656,5320 3656,5321 3654,5323 3653,5323 3652,5324 3638,5324 3637,5324 3637,5342 3636,5343 3635,5343 3632,5346 3630,5346 3629,5347 3627,5347 3626,5348 3619,5348 3618,5349 3611,5349 3609,5347 3554,5347 3553,5347 3553,5345 3553,5344 3551,5344 3550,5344 3550,5332 3550,5331 3498,5331 3497,5330 3497,5329 3497,5329 3431,5329 3430,5329 3430,5330 3430,5331 3429,5332 3428,5332 3426,5334 3425,5333 3342,5332 3341,5333 3321,5333 3319,5335 3319,5336 3319,5336 3318,5335 3316,5335 3315,5334 3309,5334 3308,5333 3305,5333 3304,5332 3201,5332 3200,5333 3195,5333 3194,5334 3152,5333 3151,5334 3151,5336 3151,5336 3143,5336 3142,5337 3124,5337 3123,5338 3069,5338 3068,5339 3067,5339 3066,5338 3034,5338 3033,5337 3033,5329 3033,5329 2971,5329 2970,5328 2968,5328 2967,5327 2965,5327 2964,5326 2960,5326 2959,5325 2894,5324 2892,5326 2891,5326 2890,5327 2836,5327 2835,5328 2835,5330 2834,5331 2834,5332 2833,5332 2833,5344 2832,5346 2806,5346 2805,5347 2804,5347 2803,5348 2800,5348 2799,5347 2797,5347 2796,5346 2796,5345 2795,5344 2795,5342 2795,5342 2725,5342 2724,5342 2724,5344 2724,5345 2687,5344 2685,5346 2682,5346 2681,5347 2680,5347 2679,5346 2677,5346 2676,5345 2625,5345 2624,5344 2623,5344 2622,5344 2622,5341 2620,5339 2620,5328 2620,5327 2609,5327 2608,5326 2530,5326 2529,5327 2461,5326 2460,5327 2460,5343 2460,5343 2459,5343 2454,5348"/>
        <TextEquiv index="0">
          <Unicode>ein ungewoͤhnlich groſſer Stern / in einem roh⸗</Unicode>
        </TextEquiv>
        <TextEquiv index="1">
          <Unicode>ein ungewöhnlich groſſer Stern / in einem roh⸗</Unicode>
        </TextEquiv>
      </TextLine>
      <TextLine id="l93">
        <Coords points="1988,5462 1988,5462 1988,5440 1988,5439 2223,5440 2224,5440 2224,5439 2223,5438 2199,5438 2198,5437 2019,5436 2018,5435 2017,5435 2017,5435 2017,5434 2015,5431 2014,5431 2013,5431 2013,5430 2012,5429 2012,5428 2011,5427 2011,5392 2010,5391 2010,5388 2014,5384 2017,5384 2017,5384 2017,5383 2018,5382 2018,5380 2020,5378 2020,5377 2023,5374 2024,5374 2028,5370 2134,5371 2134,5370 2134,5369 2135,5368 2135,5366 2136,5365 2136,5363 2139,5361 2140,5361 2146,5355 2147,5355 2148,5354 2151,5354 2152,5353 2164,5353 2165,5352 2568,5354 2569,5353 3232,5356 3232,5355 3232,5352 3233,5352 3315,5352 3316,5351 3337,5351 3338,5350 3340,5350 3341,5349 3344,5349 3345,5350 3347,5350 3348,5351 3349,5351 3350,5352 3351,5352 3353,5354 3354,5354 3354,5355 3354,5357 3355,5358 3355,5362 3356,5362 3480,5363 3481,5364 3482,5364 3482,5364 3482,5372 3483,5373 3670,5374 3671,5375 3674,5375 3675,5376 3677,5376 3681,5380 3681,5381 3682,5382 3682,5403 3683,5404 3683,5418 3684,5419 3684,5431 3682,5434 3681,5434 3679,5436 3678,5436 3677,5437 3675,5437 3674,5438 3671,5438 3669,5439 3457,5438 3455,5439 3451,5439 3451,5439 3451,5440 3450,5441 3333,5440 3333,5441 3333,5451 3331,5453 3331,5454 3329,5455 3115,5454 3115,5455 3115,5456 3113,5457 3112,5457 3111,5458 3109,5458 3108,5459 3096,5459 3095,5460 2630,5458 2629,5459 1990,5456 1990,5457 1990,5462 1989,5462"/>
        <TextEquiv index="0">
          <Unicode>ten Ring eingefaſſet / da ſich ſehen laſſen / von</Unicode>
        </TextEquiv>
        <TextEquiv index="1">
          <Unicode>ten Ring eingefaſſet / da ſich ſehen laſſen / von</Unicode>
        </TextEquiv>
      </TextLine>
      <TextLine id="l94">
        <Coords points="1991,5570 1990,5570 1991,5549 1990,5548 1990,5526 1989,5525 1989,5467 1988,5466 1988,5463 1988,5462 1989,5463 2087,5464 2088,5465 2135,5465 2136,5466 2194,5466 2195,5467 2198,5467 2199,5468 2200,5468 2201,5469 2478,5470 2479,5469 2685,5470 2686,5469 2885,5470 2886,5470 2886,5469 2887,5467 2888,5467 2890,5465 2891,5465 2892,5464 2893,5464 2894,5463 2901,5463 2902,5464 2904,5464 2906,5466 3147,5467 3149,5465 3150,5465 3151,5464 3226,5465 3227,5464 3231,5464 3233,5465 3233,5466 3233,5467 3237,5467 3238,5468 3239,5468 3241,5469 3241,5476 3241,5477 3482,5478 3485,5475 3485,5472 3486,5471 3487,5471 3488,5470 3490,5470 3491,5469 3554,5469 3555,5468 3556,5468 3558,5466 3559,5466 3560,5465 3640,5466 3643,5463 3644,5464 3645,5464 3646,5465 3687,5465 3688,5465 3688,5480 3688,5481 3689,5481 3690,5482 3691,5482 3693,5483 3693,5484 3693,5485 3695,5485 3696,5485 3695,5486 3690,5486 3688,5488 3687,5488 3686,5489 3683,5489 3681,5491 3681,5511 3680,5512 3680,5519 3679,5520 3679,5524 3674,5529 3673,5529 3672,5530 3670,5530 3670,5530 3670,5542 3668,5544 3664,5544 3663,5545 3638,5545 3637,5546 3581,5545 3581,5546 3580,5558 3579,5559 3579,5560 3577,5562 3572,5562 3571,5563 3555,5563 3554,5562 3553,5562 3550,5560 3551,5546 3550,5545 3315,5544 3315,5545 3314,5558 3314,5558 3250,5558 3249,5558 3249,5560 3248,5561 3248,5562 3248,5563 3236,5563 3235,5562 3234,5562 3233,5561 3232,5560 3232,5559 3231,5558 2815,5556 2814,5556 2814,5562 2814,5563 2658,5562 2657,5563 2657,5566 2657,5566 2656,5566 2655,5566 2655,5559 2655,5558 2486,5557 2485,5557 2485,5556 2484,5555 2485,5550 2484,5549 2217,5548 2217,5549 2216,5563 2216,5563 2213,5563 2212,5564 2211,5564 2209,5566 2207,5566 2206,5567 1994,5566 1993,5567 1993,5570 1993,5570"/>
        <TextEquiv index="0">
          <Unicode>welchem nicht weit ein kleiner lichter und hel⸗</Unicode>
        </TextEquiv>
        <TextEquiv index="1">
          <Unicode>welchem nicht weit ein kleiner lichter und hel⸗</Unicode>
        </TextEquiv>
      </TextLine>
      <TextLine id="l95">
        <Coords points="1992,5683 1992,5645 1991,5644 1991,5586 1990,5585 1990,5571 1991,5570 1993,5570 1994,5571 2817,5575 2819,5573 2822,5573 2823,5572 3191,5574 3193,5572 3196,5572 3198,5570 3203,5570 3205,5568 3604,5569 3605,5570 3608,5570 3611,5573 3612,5573 3612,5574 3613,5575 3613,5576 3614,5577 3614,5592 3615,5592 3674,5593 3675,5594 3676,5594 3677,5595 3677,5597 3678,5598 3679,5598 3680,5599 3681,5599 3682,5600 3683,5600 3684,5601 3684,5602 3685,5603 3685,5621 3686,5622 3686,5637 3687,5638 3687,5640 3686,5641 3686,5644 3684,5647 3683,5647 3681,5648 3681,5650 3680,5652 3677,5652 3674,5654 3674,5655 3673,5657 3595,5656 3594,5657 3594,5668 3593,5669 3593,5670 3589,5673 3588,5673 3587,5674 3562,5674 3560,5676 3087,5674 3087,5675 3087,5677 3086,5677 2541,5675 2540,5676 2494,5676 2494,5676 2494,5677 2493,5678 2448,5677 2447,5678 1993,5676 1993,5677 1993,5683 1992,5683"/>
        <TextEquiv index="0">
          <Unicode>leuchtender Stern geſtanden / ſo den groſſen</Unicode>
        </TextEquiv>
        <TextEquiv index="1">
          <Unicode>leuchtender Stern geſtanden / ſo den groſſen</Unicode>
        </TextEquiv>
      </TextLine>
      <TextLine id="l96">
        <Coords points="1994,5791 1995,5776 1994,5775 1994,5763 1993,5762 1993,5709 1993,5708 2071,5709 2072,5708 2072,5707 2073,5706 2073,5705 2074,5704 2073,5704 1992,5703 1992,5703 1992,5685 1992,5684 1992,5683 2361,5685 2362,5684 2364,5684 2365,5683 2400,5683 2402,5681 3084,5684 3085,5684 3085,5678 3085,5677 3086,5677 3087,5678 3087,5679 3087,5679 3519,5681 3520,5682 3522,5682 3524,5684 3525,5684 3526,5685 3526,5686 3527,5687 3527,5700 3527,5700 3661,5701 3663,5703 3682,5703 3685,5705 3685,5708 3686,5709 3686,5749 3685,5750 3679,5750 3679,5750 3679,5752 3678,5753 3678,5754 3676,5756 3672,5756 3670,5758 3670,5759 3667,5762 3665,5762 3663,5764 3657,5764 3656,5765 3613,5764 3613,5765 3613,5766 3612,5767 3612,5770 3611,5771 3611,5772 3610,5772 3609,5772 3609,5773 3609,5774 3608,5775 3608,5776 3607,5776 3606,5777 3605,5777 3599,5783 3598,5783 3597,5784 3593,5784 3592,5785 3065,5783 3064,5784 3064,5786 3064,5786 2597,5784 2596,5785 2593,5785 2592,5786 2590,5786 2589,5787 2401,5786 2400,5787 2400,5789 2400,5789 1996,5787 1995,5788 1995,5791 1995,5791"/>
        <TextEquiv index="0">
          <Unicode>auß dem Ring getrieben / welches die Buͤrger</Unicode>
        </TextEquiv>
        <TextEquiv index="1">
          <Unicode>auß dem Ring getrieben / welches die Bürger</Unicode>
        </TextEquiv>
      </TextLine>
      <TextLine id="l97">
        <Coords points="3310,5900 3310,5900 3310,5884 3310,5883 3177,5882 3175,5884 3135,5884 3134,5885 3134,5888 3133,5889 3132,5889 3130,5888 3130,5885 3130,5884 3017,5884 3016,5885 2987,5885 2986,5886 2985,5885 2984,5885 2983,5884 2982,5884 2981,5883 2981,5876 2981,5876 2895,5875 2894,5876 2894,5881 2893,5882 2892,5882 2890,5880 2889,5880 2888,5879 2771,5879 2770,5879 2770,5885 2766,5890 2764,5890 2763,5891 2739,5891 2737,5893 2730,5893 2727,5890 2727,5876 2727,5876 2641,5875 2639,5877 2639,5879 2638,5880 2638,5881 2638,5881 2637,5881 2636,5882 2636,5886 2634,5888 2634,5889 2634,5889 2633,5889 2632,5890 2632,5891 2631,5892 2628,5892 2626,5894 2626,5895 2623,5897 2611,5897 2610,5896 2604,5896 2603,5895 2602,5895 2597,5889 2597,5879 2597,5879 2481,5878 2479,5876 2378,5876 2377,5877 2377,5879 2375,5881 2374,5881 2372,5883 2371,5883 2369,5881 2369,5880 2368,5879 2330,5879 2329,5878 2328,5878 2327,5877 2219,5876 2218,5877 2215,5877 2214,5878 2211,5878 2210,5879 2208,5879 2207,5880 2204,5880 2202,5882 2199,5882 2198,5881 2195,5881 2192,5878 2191,5878 2190,5877 2111,5877 2110,5878 2032,5878 2030,5875 2024,5875 2019,5871 2019,5869 2018,5868 2018,5866 2017,5865 2017,5835 2017,5834 1996,5834 1995,5834 1995,5822 1994,5821 1994,5798 1995,5797 1995,5798 1995,5807 1996,5807 2027,5807 2027,5808 2027,5810 2029,5811 2031,5811 2032,5813 2035,5813 2038,5816 2045,5816 2045,5816 2045,5817 2046,5818 2169,5818 2169,5818 2169,5813 2172,5810 2173,5810 2174,5809 2175,5809 2176,5808 2177,5808 2181,5804 2183,5804 2186,5801 2187,5801 2189,5799 2192,5799 2193,5798 2193,5797 2195,5795 2198,5795 2201,5792 2202,5792 2203,5791 2204,5792 2205,5792 2206,5793 2211,5793 2212,5795 2212,5799 2214,5801 2214,5802 2215,5803 2215,5804 2216,5805 2216,5806 2217,5806 2221,5806 2224,5809 2226,5809 2227,5810 2306,5811 2307,5810 2309,5810 2311,5812 2312,5812 2312,5812 2312,5814 2313,5815 2313,5816 2314,5817 2395,5817 2397,5815 2397,5814 2398,5813 2398,5812 2399,5811 2399,5810 2404,5805 2407,5805 2407,5806 2407,5814 2408,5814 2538,5815 2538,5814 2538,5804 2541,5802 2543,5802 2545,5804 2545,5810 2546,5811 2572,5811 2572,5811 2572,5814 2573,5815 2731,5816 2731,5815 2731,5811 2732,5811 2733,5811 2733,5810 2733,5805 2734,5804 2734,5803 2735,5802 2735,5801 2737,5799 2737,5796 2738,5796 2739,5796 2740,5795 2741,5795 2744,5792 2745,5792 2748,5789 2777,5789 2778,5790 2784,5790 2785,5791 2787,5791 2788,5792 2789,5792 2790,5793 2791,5793 2792,5794 2792,5796 2793,5797 2872,5797 2876,5793 2877,5793 2878,5792 2880,5792 2881,5791 2882,5791 2883,5790 2883,5788 2885,5786 2927,5786 2929,5784 2935,5784 2936,5783 2951,5784 2952,5783 2953,5783 2953,5782 2954,5780 2954,5780 2957,5780 2958,5780 2957,5785 2960,5788 2961,5788 2965,5792 2965,5793 2966,5794 2966,5797 2967,5798 2967,5799 2968,5800 2968,5801 2969,5802 2969,5803 2973,5807 3053,5807 3054,5806 3060,5806 3060,5805 3060,5786 3061,5786 3064,5786 3065,5787 3070,5787 3071,5789 3071,5790 3072,5791 3072,5811 3073,5811 3127,5811 3128,5812 3215,5813 3215,5812 3215,5806 3216,5805 3216,5803 3218,5801 3218,5800 3219,5800 3220,5800 3222,5798 3224,5798 3225,5797 3227,5799 3227,5801 3229,5803 3231,5803 3234,5806 3240,5806 3241,5807 3241,5809 3242,5810 3243,5810 3244,5811 3308,5811 3309,5812 3322,5812 3322,5813 3322,5814 3323,5814 3450,5815 3451,5814 3482,5814 3482,5813 3482,5812 3483,5812 3503,5812 3504,5810 3504,5809 3505,5809 3505,5809 3505,5814 3506,5815 3599,5815 3599,5815 3599,5814 3600,5813 3601,5813 3602,5812 3643,5813 3645,5811 3646,5811 3647,5810 3649,5810 3650,5809 3652,5811 3652,5813 3653,5814 3653,5816 3654,5817 3684,5817 3686,5819 3686,5849 3685,5850 3685,5851 3685,5852 3683,5852 3680,5855 3677,5855 3674,5858 3673,5858 3671,5859 3671,5868 3671,5869 3642,5869 3640,5871 3638,5871 3637,5872 3620,5871 3619,5872 3619,5873 3618,5874 3618,5875 3617,5876 3617,5877 3613,5881 3613,5883 3611,5885 3611,5886 3611,5886 3610,5886 3609,5887 3609,5889 3609,5889 3608,5889 3606,5891 3598,5891 3597,5892 3596,5892 3595,5893 3592,5893 3591,5892 3586,5892 3585,5891 3584,5891 3583,5890 3582,5890 3581,5889 3579,5889 3574,5885 3574,5883 3573,5882 3573,5874 3573,5873 3469,5873 3466,5875 3466,5876 3465,5877 3465,5882 3463,5885 3462,5885 3461,5885 3461,5886 3459,5888 3459,5889 3458,5891 3455,5891 3453,5893 3450,5893 3449,5894 3440,5894 3439,5893 3437,5893 3436,5892 3434,5892 3433,5891 3432,5891 3431,5890 3430,5890 3429,5889 3428,5889 3427,5888 3427,5887 3426,5886 3426,5885 3425,5884 3425,5881 3425,5881 3313,5880 3312,5881 3312,5900 3311,5900"/>
        <TextEquiv index="0">
          <Unicode>des Orts / mit groſſer Verwunderung ange⸗</Unicode>
        </TextEquiv>
        <TextEquiv index="1">
          <Unicode>des Orts / mit groſſer Verwunderung ange⸗</Unicode>
        </TextEquiv>
      </TextLine>
      <TextLine id="l98">
        <Coords points="2050,6020 2049,6019 2050,6007 2049,6007 2027,6006 2025,6004 2024,6004 2024,6004 2024,5996 2023,5995 2019,5995 2019,5995 2019,5913 2018,5912 2014,5912 2014,5912 2014,5911 2014,5910 2031,5911 2032,5910 2032,5909 2033,5908 2039,5908 2040,5907 2041,5907 2042,5906 2048,5906 2049,5907 2051,5907 2053,5909 2104,5909 2105,5910 2106,5910 2107,5911 2108,5911 2111,5913 2111,5927 2111,5928 2240,5928 2243,5926 2243,5923 2243,5922 2246,5922 2248,5924 2248,5925 2248,5925 2321,5926 2322,5925 2394,5925 2395,5925 2395,5917 2396,5916 2396,5915 2397,5914 2397,5913 2397,5912 2398,5912 2399,5912 2399,5911 2400,5910 2400,5909 2401,5907 2403,5909 2481,5909 2484,5912 2484,5915 2485,5916 2485,5930 2485,5930 2581,5931 2582,5930 2583,5930 2584,5929 2584,5925 2584,5925 2585,5925 2586,5925 2586,5927 2587,5928 2587,5932 2587,5933 2664,5933 2665,5932 2678,5932 2679,5931 2680,5931 2681,5930 2682,5930 2683,5929 2755,5930 2756,5929 2756,5914 2757,5913 2758,5913 2759,5913 2759,5932 2759,5933 2850,5933 2852,5935 2852,5941 2853,5942 2853,5953 2853,5953 2922,5953 2923,5953 2923,5914 2924,5913 2924,5909 2924,5908 2925,5908 2927,5906 2928,5906 2929,5905 2933,5905 2934,5904 2937,5904 2938,5903 2942,5903 2943,5902 2949,5903 2950,5902 2969,5902 2970,5901 3005,5901 3006,5900 3007,5900 3008,5899 3015,5899 3017,5900 3017,5901 3018,5902 3018,5927 3018,5928 3033,5928 3034,5929 3148,5929 3149,5928 3150,5928 3152,5926 3153,5926 3154,5925 3190,5926 3191,5925 3192,5925 3193,5924 3198,5924 3199,5923 3199,5922 3199,5922 3213,5922 3214,5921 3214,5909 3215,5908 3215,5907 3217,5905 3219,5905 3222,5902 3277,5902 3278,5903 3313,5903 3315,5905 3315,5924 3315,5924 3329,5924 3330,5925 3330,5927 3330,5927 3466,5928 3467,5927 3467,5913 3467,5913 3468,5913 3469,5914 3474,5914 3475,5914 3475,5916 3475,5917 3560,5917 3561,5917 3561,5916 3562,5915 3562,5913 3563,5912 3563,5911 3567,5907 3567,5906 3568,5905 3570,5902 3571,5902 3572,5901 3639,5902 3641,5900 3642,5900 3643,5899 3644,5899 3645,5898 3646,5898 3647,5897 3649,5897 3650,5898 3652,5898 3654,5899 3654,5906 3654,5907 3661,5907 3663,5908 3663,5950 3664,5951 3664,5952 3664,5953 3672,5953 3673,5954 3674,5954 3676,5955 3676,5956 3676,5957 3677,5957 3680,5959 3680,5961 3681,5962 3681,5967 3680,5968 3680,5969 3678,5971 3678,5972 3677,5973 3675,5973 3674,5974 3673,5974 3673,5974 3673,5975 3672,5976 3671,5976 3670,5977 3666,5977 3665,5978 3561,5977 3561,5978 3561,5981 3560,5981 3483,5981 3483,5981 3482,6019 3481,6020 3481,6021 3480,6023 3478,6021 3479,6006 3478,6006 3460,6006 3459,6005 3458,6005 3457,6004 3456,6004 3454,6001 3454,5987 3453,5987 3407,5987 3406,5986 3331,5985 3331,5986 3331,5988 3330,5988 3308,5988 3308,5989 3308,5990 3307,5990 3265,5990 3263,5992 3214,5992 3212,5994 3210,5994 3209,5995 3149,5994 3148,5995 3139,5995 3138,5996 3079,5996 3078,5997 3073,5997 3072,5996 2993,5996 2990,5999 2989,5998 2988,5998 2986,5995 2986,5994 2985,5993 2985,5979 2984,5979 2875,5978 2875,5979 2875,6006 2874,6006 2874,6006 2874,6005 2873,6004 2839,6004 2838,6003 2838,5987 2837,5986 2813,5986 2812,5985 2692,5984 2692,5985 2692,5998 2691,5998 2643,5998 2643,5999 2643,6005 2642,6005 2641,6005 2641,6005 2641,5984 2640,5983 2521,5983 2521,5983 2521,6007 2520,6008 2519,6008 2519,6007 2519,5982 2518,5982 2429,5981 2428,5982 2427,5982 2426,5984 2426,5985 2425,5985 2424,5985 2422,5987 2387,5987 2387,5987 2387,5986 2386,5985 2254,5984 2252,5987 2252,5988 2251,5988 2248,5991 2247,5991 2247,5992 2247,5993 2245,5994 2243,5994 2242,5995 2241,5995 2241,5996 2241,5997 2240,5997 2236,5997 2235,5996 2235,5991 2234,5990 2194,5990 2192,5988 2115,5988 2115,5988 2115,6004 2114,6005 2111,6005 2111,6005 2111,6007 2109,6008 2109,6011 2109,6012 2079,6012 2078,6013 2052,6013 2051,6013 2051,6019 2051,6020"/>
        <TextEquiv index="0">
          <Unicode>ſehen; wie in tomo 4. Theatri Europ. fol.</Unicode>
        </TextEquiv>
        <TextEquiv index="1">
          <Unicode>ſehen; wie in tomo 4. Theatri Europ. fol.</Unicode>
        </TextEquiv>
      </TextLine>
      <TextLine id="l99">
        <Coords points="2000,6140 2000,6118 1999,6117 1999,6110 2000,6109 2020,6109 2020,6109 2020,6072 2021,6071 2021,6070 2022,6069 2022,6066 2024,6064 2024,6061 2030,6055 2032,6056 2033,6054 2033,6053 2035,6052 2040,6052 2041,6051 2045,6051 2046,6050 2050,6050 2050,6049 2050,6020 2051,6020 2231,6020 2232,6019 2319,6020 2321,6018 2324,6018 2328,6014 2331,6014 2332,6015 2334,6015 2337,6018 2412,6018 2413,6019 2416,6019 2417,6021 2417,6022 2420,6025 2420,6031 2421,6031 2490,6032 2492,6034 2492,6045 2493,6046 2493,6072 2494,6073 2509,6073 2510,6074 2511,6074 2514,6077 2516,6077 2517,6078 2517,6079 2518,6080 2518,6082 2519,6083 2519,6085 2520,6086 2520,6088 2519,6089 2519,6091 2517,6094 2516,6094 2513,6096 2513,6098 2512,6099 2512,6100 2510,6102 2510,6103 2509,6105 2508,6105 2507,6106 2427,6105 2426,6106 2426,6116 2425,6117 2425,6122 2422,6124 2421,6124 2420,6125 2417,6125 2416,6126 2322,6126 2322,6126 2322,6132 2320,6134 2001,6132 2001,6133 2001,6140 2000,6140"/>
        <TextEquiv index="0">
          <Unicode>966. b. ſtehet.</Unicode>
        </TextEquiv>
        <TextEquiv index="1">
          <Unicode>966. b. ſtehet.</Unicode>
        </TextEquiv>
      </TextLine>
      <TextEquiv>
        <Unicode/>
      </TextEquiv>
    </TextRegion>
    <TextRegion id="r7" orientation="-0.875" type="paragraph">
      <Coords points="1992,4031 1992,3671 3691,3704 3691,3822 3138,3806 2263,3806 2267,4027"/>
      <TextLine id="l100">
        <Coords points="2026,3646 3696,3671 3673,3823 2244,3797 2249,3696 2025,3683"/>
        <TextEquiv index="0">
          <Unicode>N dem Odenwald / odeꝛ doch nicht weit</Unicode>
        </TextEquiv>
        <TextEquiv index="1">
          <Unicode>N dem Odenwald / oder doch nicht weit</Unicode>
        </TextEquiv>
      </TextLine>
      <TextEquiv>
        <Unicode/>
      </TextEquiv>
    </TextRegion>
    <TextRegion id="r8" orientation="-0.5" type="paragraph">
      <Coords points="767,3657 767,3487 1447,3487 1447,3657"/>
      <TextLine id="l101">
        <Coords points="767,3482 1448,3487 1447,3662 766,3657"/>
        <TextEquiv index="0">
          <Unicode>Amelburg.</Unicode>
        </TextEquiv>
        <TextEquiv index="1">
          <Unicode>Amelburg.</Unicode>
        </TextEquiv>
      </TextLine>
      <TextEquiv>
        <Unicode/>
      </TextEquiv>
    </TextRegion>
    <TextRegion id="r9" type="header">
      <Coords points="367,232 3391,244 3383,465 3033,434 2570,446 2087,434 1737,430 359,434 363,232"/>
      <TextEquiv>
        <Unicode/>
      </TextEquiv>
    </TextRegion>
    <TextRegion id="r10" type="page-number">
      <Coords points="3449,430 3449,291 3632,291 3632,430"/>
      <TextEquiv>
        <Unicode/>
      </TextEquiv>
    </TextRegion>
    <TextRegion id="r11" type="signature-mark">
      <Coords points="2758,6260 2758,6099 3049,6099 3049,6260"/>
      <TextEquiv>
        <Unicode/>
      </TextEquiv>
    </TextRegion>
    <TextRegion id="r12" type="catch-word">
      <Coords points="3323,6256 3323,6067 3721,6067 3721,6256"/>
      <TextEquiv>
        <Unicode/>
      </TextEquiv>
    </TextRegion>
  </Page>
</PcGts>
