3870 6490
1953 450 3612 568 LXXXII. Prid. Cal. Nov. cujus Corpus
1952 567 3610 680 huc delatum Willigiſius Arch. Mog. Ida
1957 680 3609 789 Matre ejus cariſſima, Hermanni Suevor.
1950 787 3611 907 Ducis filia, ac Auchtilda ſorore ſacratarum
1955 903 3611 1017 virginum primaria, præſentibus, celeberri-
1951 1004 3612 1128 me ſepelivit Luchardis verò conjunx ipſi-
1949 1124 3613 1241 us, atque Hildegardis Abbatiſſa, pietate inſi-
1947 1238 3613 1354 gnes, hujus in oppoſito poſtea attumulatæ
1955 1348 3612 1462 ſunt ſarcophago, quibus beatorum gaudia,
1957 1461 3616 1573 quisquis ades choro, preceris. Henricus
1957 1573 3622 1683 Regerman Cuſtos hujus Canonicusque
1958 1682 3619 1794 Templi patrono bene merenti poſuit An. à
1948 1791 3005 1876 nato Chriſti. M. D. XXIV.
1935 1899 3619 2016 Cum tumulum cernis, cur non mortalia
2330 2011 2725 2126 ſpernis,
2168 2122 3619 2233 Tali namque domo clauditur omnis
2455 2234 2715 2322 homo.
1937 2314 3618 2458 Dreſſerus nennet dieſen Ort Aſciburgi-
1938 2451 3620 2563 um: Ob er es aber recht trifft / moͤgen andere
1938 2559 3619 2674 darvon urtheilen. In beſagtem gantz praͤch⸗
1938 2669 3618 2783 tig / mit trefflichen ſchoͤnen / und ſehr vielen
1938 2781 3620 2892 Zim̄ern erbautem / veſten / und weiten Schloß /
1937 2886 3620 3002 pflegen die Churfuͤrſten von Meyntz / ſonder⸗
1936 2997 3621 3113 lich Winterszeiten / Hoff zu halten; darvon
1936 3106 3621 3222 der Proſpect / weil es etwas hoch ligt / auff den
1936 3217 3621 3328 nahend fuͤruͤber lauffenden Mayn / und her⸗
1935 3325 3618 3439 umb gelegene Landſchafft / gar ſchoͤn iſt. Der
1935 3429 3619 3551 Keller allda / ſo umb das Schloß gehet / ſolle ſo
1934 3546 3621 3659 hoch und weit ſeyn / daß man darinn zum Rin⸗
1934 3656 3624 3767 gelrennen kan. Ligt fuͤnff Meil von Franck⸗
1934 3767 3621 3878 furt / nicht weit von dem Wald / der Speſſart
1933 3868 3620 3986 genannt. Die Stadt daran / iſt nicht ſehr groß /
1932 3983 3619 4096 aber gnugſam den Hoffſtatt darinn zu beher⸗
1932 4092 3619 4208 bergen. Hat auch ein Jeſuiter Collegium
1932 4199 3619 4311 allda. Im Novembri anno 1631. iſt dieſe
1931 4310 3619 4429 Churfuͤrſtliche Winter⸗Reſidentz / vom Koͤnig
1931 4426 3617 4537 auß Schweden / ohne Schwerdſtreich / einbe⸗
1930 4534 3615 4645 kommen worden; und hat folgender Zeit viel
1930 4633 3614 4755 erlidten. Nach der Noͤrdlinger Anno 34.
1930 4754 3616 4866 vorgangenen Schlacht / ward Aſchaffenburg /
1929 4865 3616 4978 nebenſt etlichen geringen Plaͤtzen / daherumb /
1929 4971 3612 5089 den Spaniſchen zu theil. Im Jahr 46. beka⸗
1928 5086 3611 5199 men dieſen Ort die Frantzoſen mit accord; iſt
1928 5193 3610 5308 aber hernach von den Bayeriſch⸗Creutziſchen
1926 5295 3610 5423 Tragonern uͤberſtiegen worden / wiewohl ihn /
1927 5415 3609 5528 in dieſem Jahr / der Schwediſche Feldmar⸗
1926 5520 3608 5640 ſchall Wrangel / ohn einigen Schuß / wieder
1926 5639 3608 5751 eingenommen / aber nicht lang behalten / weilen
1926 5747 3608 5866 noch in gemeldtem 46. Jahr der Kaͤyſerliche
1925 5855 3606 5967 General-Adjutant Garrier mit ſonderlicher
1940 5967 3622 6081 Behendigkeit / erſtlich die Stadt / hernach das
1940 6071 3604 6202 Chur⸗Fuͤrſtl. Reſidentz⸗Schloß mit Sturm
665 467 1494 642 Aſchaffenburg.
202 903 1937 1030 ſchreibet / daß Adelbertus, oder Albertus I.
203 1019 1937 1148 Ertzbiſchoff / und Churfuͤrſt zu Meyntz / wel⸗
203 1133 1938 1250 cher Anno 1137. geſtorben / Anno 1122. wegen
204 1243 1938 1361 deß neugeweyheten Biſchoffs zu Wuͦrtzburg /
204 1353 1939 1467 (wider welchen der Kaͤyſer einen andern in daſ⸗
205 1460 1939 1580 ſelbe Biſthumb hat ſetzen wollen /) deß Key⸗
205 1561 1940 1692 ſers Zorn foͤrchtende / wider den Gewalt / ſo
206 1681 1940 1797 von ihme beſchehen moͤchte / das Schloß zu
206 1788 1941 1907 Aſchaffenburg (ſo von dem nahend flieſſenden
207 1896 1941 2025 Waͤſſerlein / das in dem Mayn laufft / Na⸗
207 2012 1942 2130 mens Aſchaff / ohne allen Zweiffel / genannt
208 2120 1942 2240 worden / und davon es auch Schaffnabur-
208 2230 1943 2353 gum; gleichwie vom Waſſer Haſa / Oſna-
209 2340 1943 2461 burgum, geheiſſen wird) zu erbauen angefan⸗
209 2447 1944 2565 gen habe. Urſpergenſis ſchreibet alſo: Der
210 2558 1944 2670 Meyntziſche Prælat / der wider deß Keyſers
210 2668 1945 2787 Ungnad / ihme allenthalben Vorſehung thaͤte /
211 2768 1945 2894 hat auch ein alteß Schloß / von langer Zeit her /
211 2886 1946 3009 ſchier von Grund auß zerbrochen / (welches
212 2994 1946 3124 entweder von dem daran flieſſenden Bach
212 3103 1946 3222 Aſcafa / oder / wie etliche wollen / von dem Er⸗
213 3213 1947 3332 bauer Aſcanio, Aſaſinbuch genannt wird)
213 3325 1947 3439 mit wunderlichem Beginnen angefangen zu
213 3433 1948 3545 beveſtigen. Conradus III. Churfuͤrſt / ſo
214 3541 1948 3660 Anno 1434. geſtorben / hat ſolches Schloß /
214 3650 1949 3774 ſagt Serarius weiter; wie auch ſein Nachfol⸗
215 3763 1949 3880 ger Theodericus, praͤchtiger erbauet / und mit
215 3872 1950 3988 vielen Gebaͤuen gezieret; welcher Theoderi-
216 3977 1950 4093 cus, als er hie Anno 1459. geſtorben / in SS. Pe-
216 4088 1951 4204 tri und Alexandri, Stiffts⸗Kirchen allda be⸗
217 4194 1951 4311 graben worden iſt. Marggraff Albrecht von
217 4307 1952 4419 Brandenburg / hat dieſes Schloß angezuͤndet.
218 4414 1952 4531 Und ſo viel hat Serarius. Beſiehe auch hievon
218 4527 1953 4641 Bruſchium de Epiſc. German. cap. 2. p. 9. b.
219 4633 1953 4760 In jetztermeldter Stiffts⸗Kirchen / im Chor
219 4747 1954 4887 dey dem Hohen⸗Altar / iſt nachſtehendes Epi-
220 4858 990 4974 taphium befindlich:
220 4943 1955 5083 Ottoni, Ottonis II. Cæſ. Aug. ex fratre
221 5067 1955 5196 Ludolpho Magno nepoti, Suevorum, Bava-
221 5191 1956 5306 rorum, Saxonumque Duci inclyto, Sacræ
222 5297 1956 5414 hujus ædis conditori ac dotatori largiſſimo,
222 5407 1957 5524 monumentum hoc fieri pia curavit poſte-
223 5518 1957 5635 ritas. Qui dum patruum Imp. in Italiam
223 5631 1958 5744 contra Græcos, Sarraceno Mauroque mili-
223 5737 1958 5856 tibus inſtructos, Calabriam atque Apuliam
224 5846 1958 5965 infeſtantes comitatus, profligatisque inde
224 5956 1959 6075 hoſtibus in Germaniam rediret, in Alpibus
225 6063 1960 6215 vita deceſſit Anno Chriſti Opt. Max. IXC.
440 798 1922 925 Rebus Moguntiacis, am 911. Blat
433 671 1924 798 On welchem Ort Nicolaus Serarius, in
