3870 6490
1952 413 3642 588 Pfaltzgraff Rupertus, ſo hernach in die Zahl
1954 546 3639 690 der Heiligen verſetzt worden / hat dieſen Ort be⸗
1952 656 3640 800 ruͤhmt gemacht / deſſen Vater eben an dem Ort
1949 764 3635 910 bey Bingen / und der Nah / auff dem Berg / ein
1947 868 3636 1023 Schloß / und Stadt / und ſonſt ſeine Guͤter
1945 988 3634 1136 daherumb an der Nah / und dem Rheinſtrom
1944 1098 3629 1236 gehabt. Und haben von dieſem heiligen Ru-
1943 1213 3629 1343 perto, dem Beichtiger / deßwegen ſo viel
1942 1309 3633 1456 Pfaltzgraffen den Namen Rupertorum, ge⸗
1942 1433 3625 1569 tragen. Die heilige Jungfrau Hildegardis,
1941 1538 3627 1677 (deren Trithemius offt / ſonderlich in ſeiner
1940 1648 3626 1785 Hirſchauiſchen Chronick gedencket) hat ſein
1940 1765 3625 1894 Leben lang hernach / beſchrieben; ſo ihn von den
1959 1875 3628 1998 Hertzogen in Lothringen herfuͤhret: Gelenius
1953 1992 3623 2110 nennet ihn auch einen Hertzogen zu Lothringen /
1951 2088 3627 2218 und Pfaltzgraffen / und ſagt / daß die Nort⸗
1956 2206 3625 2327 mannen Anno 883. Alt⸗Bingen / ſo auff der
1950 2314 3621 2436 andern Seiten der Nahe gelegen geweſen / zer⸗
1960 2420 3617 2553 ſtoͤret haͤtten. Aber Freherus wil faſt mehr
1935 2536 3614 2657 part. 2. Origin. cap. 11. in f. dem Marty-
1935 2638 3615 2766 rologio Uſuardi glauben / welches den 15.
1934 2729 3618 2877 May alſo ſetzet: Zu Bingen S. Roperti, deß
1934 2850 3618 2980 Hertzogs / Pfaltzgraffen bey Rhein / und
1933 2963 3615 3087 Beichtigers. Beſagte Hildegard / ſo Anno
1932 3074 3616 3199 1180. geſtorben / und zuvor Meiſterin deß Klo⸗
1932 3179 3617 3310 ſters S. Diſibodi-Berg / geweſen / hat nahe
1955 3298 3614 3412 bey Bingen / das Jungfrau⸗Kloſter S. Ru⸗
1953 3407 3614 3527 prechtsberg / auff dem Berg / uͤber dem Waſſer
1955 3506 3609 3640 Naha / bey deß gedachten heiligen Ruperti
1929 3615 3610 3749 Grab / Anno 1148. geſtifftet / und erbauet /
1928 3731 3608 3855 und ſich dahin / mit ihren Kloſter Jungfrauen
1928 3836 3606 3963 begeben / allda ſie auch nach ihrem Tod begra⸗
1927 3951 3623 4075 ben worden iſt. Beſiehe / was von ihr / und
1927 4055 3600 4175 dem heiligen Ruperto, Serarius lib. 2. Rer.
1926 4159 3606 4290 Mogunt. cap. 35. und 37. auch von beſagter
1925 4268 3599 4407 Stadt Bingen / ſchreibet / welche die Nort⸗
1925 4394 3603 4516 mannen zerſtoͤret haben. Umb das Jahr 13o2.
1947 4506 3603 4623 (Brunnerus ſagt 1301.) iſt ſie vom Keyſer
1945 4613 3612 4730 Alberto I. belaͤgert worden / und muſte ſie
1944 4719 3617 4843 Chur Meyntz / mit Ehrenfelß / Scharffen⸗
1946 4833 3622 4952 ſtein / Clop / den Caſtellen / und dem Staͤdtlein
1944 4944 3618 5062 Lonſtein / vermoͤg der Friedens⸗Articul / dem
1921 5047 3597 5172 Keyſer uͦbergeben. Anno 1321. waren die Buͦr⸗
1920 5164 3597 5280 ger allhie auffruͤhriſch; wie auch vorhero An⸗
1920 5271 3592 5390 no 1230. beydesmal wider den Rath; und dann
1920 5384 3592 5502 Anno 1486. wider ihre Herren / das Dom⸗
1935 5490 3594 5610 Capitel zu Meyntz; wie hievon Trithemius
1941 5606 3593 5720 in Chronico Sponheim. zu leſen. Etwas vor
1934 5715 3593 5829 dem Jahr 1400. ſeynd allhie ſechs und dreyſ⸗
1932 5820 3590 5939 ſig Buͤrger / ſo der Waldenſer Lehr anhiengen /
1929 5933 3595 6051 vom Ertzbiſchoff Conrado zu Meyntz / ſo
1927 6047 3595 6175 Anno 1395. geſtorben / verbrandt worden; wie
711 3055 1460 3216 Bernhauſen.
201 405 1972 542 erobert hat. Anno 1647. bekamen dieſen Ort
201 521 1971 650 die Frantzoſen abermals. Die ſich aber fol⸗
200 639 1971 764 gends mit Chur⸗Meyntz / ſolchen deroſelben
200 755 1970 875 abzutreten / verglichen. Wie er denn auch ſeit⸗
199 866 1970 986 hero zur Churfuͤrſtlichen Reſidentz wieder zu⸗
199 976 1969 1097 gerichtet worden iſt. In dieſem jetzigen Krieg
198 1085 1969 1207 haben die Frantzoſen Anno 1673. unter dem
198 1191 1968 1317 Feldmarſchall Turenne Aſchaffenburg mit ei⸗
197 1306 1968 1428 ner Compagnie Tragoner / und mit einer
197 1415 1967 1537 Compagnie zu Fuß beſetzt / welcher Commen⸗
196 1528 1967 1649 dant ſich anfangen zu verſchantzen; nachdeme
196 1638 1966 1760 aber die Kaͤyſerlichen herbey kommen / hat Tu⸗
195 1749 1966 1867 renne das gantze Franckenland und alle darinn
195 1855 1965 2000 beſetzte Oerter mit zimlichen Verluſt ſeiner
194 1963 1394 2078 Armee wieder verlaſſen muͦſſen.
194 2060 1964 2189 Es ſchreibet Kemnitz in ſeinen Schwedi⸗
193 2181 1964 2306 ſchen Geſchichten / daß Anno 1635. den 5. Ja⸗
193 2294 1963 2410 nuarii / zu Hirnheim / einem beſchloſſenen
192 2400 1963 2534 Flecken / in der Gegend Aſchaffenburg / etliche
192 2512 1962 2631 Regimenter Croaten / vom Rheingraffen Jo⸗
192 2630 1962 2737 hann Philipſen / uͤberfallen / und darüber der
191 2729 1961 2877 Fleck angezuͤndet worden. Sagt aber nicht /
190 2851 1021 2981 wem er gehoͤrig ſeye.
214 3405 1898 3515 auff dem Eichsfeld / (ſo Meyntziſch) ge⸗
208 3511 1315 3642 legen / wie Kemnitz berichtet.
213 3260 1919 3409 Der Berenhauſen / ein Gericht und See /
179 3930 1895 4091 Ingium, iſt allbereit vorzeiten beruͤhmt /
824 3701 1321 3892 Bingen.
221 4167 1896 4295 andern bekandt geweſen; fo die folgende Scri⸗
218 4291 1895 4408 benten Pinguiam genannt haben. Ligt vier
220 4398 1892 4511 Meil Wegs unter Meyntz / am Rhein / wo die
223 4509 1889 4624 Nahe / oder Nava, darein faͤllt; (an deſſen an⸗
220 4622 1894 4731 derm Geſtad ſie vorzeiten geſtanden) und iſt
203 4730 1891 4841 ſolche Stadt dem Dom⸗Capitel deß hohen
209 4838 1888 4955 Stifft Meyntz / der Zeit gehoͤrig. Iſt ein luſti⸗
211 4954 1888 5068 ge Stadt / ſo gleichſam in einem Raachen ligt /
199 5065 1912 5175 da ſich das Gebirg zu beyden Seiten zuſam⸗
201 5171 1911 5285 men zeucht; und da oben an der Stadt / ein ſtei⸗
198 5277 1908 5395 nerne gewoͤlbte Bruͤck uͤber die Nau / oder Na⸗
203 5386 1907 5509 he / gehet. Es hat allhie auch ein Ganerb⸗
197 5500 1891 5618 ſchafft / wie zu Beckelheim / ſo ingleichem
184 5606 1904 5730 Meyntziſch iſt. Und iſt nahend bey der Stadt
215 5720 1903 5841 der Druſelbrunn; daher man fuͤrgibt / Druſus
185 5832 1902 5951 habe ſich allhie zu tod gefallen: Davon aber
186 5944 1900 6063 oben bey Meyntz geſagt worden / und auch an⸗
213 6060 1882 6191 derswo bey Wißbaden geſagt werden wird.
424 4067 1921 4175 dem Tacito, Ammiano, Auſonio, und
