3870 6490
212 428 1889 554 in einer geſchriebenen Verzeichnuß ſtehet. An⸗
211 546 1892 660 no 1403. entſtunde allhie zu Bingen / auß ei⸗
211 658 1895 775 nem Zufall / ein ſolche Brunſt / daß kaum der
215 772 1895 878 vierdte Theil der Stadt uͦberblieben / und auch
214 880 1891 995 die Pfarrkirch darauff gangen iſt. Anno 1490.
216 994 1898 1103 iſt wieder ein Brand allda entſtanden / der in
217 1105 1895 1217 kurtzem mehr / als 240. Haͤuſer / gegen dem
216 1210 1896 1323 Rhein zu / und auff dem Marckt / mit ſam̄t der
217 1321 1896 1436 Cantzley / und etlichen Capellen / hinweg ge⸗
215 1437 1894 1550 nommen; und waͤre die Stadt verbronnen /
215 1542 1907 1654 wann die benachbarte Ringgaͤuer nicht zu huͤlff
213 1651 1899 1763 kommen waͤren. Sie hat einen andern groſ⸗
214 1762 1896 1871 ſen Schaden in dem genommen / daß Chur⸗
216 1871 1914 1985 fuͤrſt Pfaltzgraff Philips / ihr den beruͤhmten
220 1970 1914 2093 Monat Marck entzogen / und ſolchen nach
215 2087 1914 2203 Muͤnſter an der Nahe gelegt hat: Wie obge⸗
214 2199 1914 2314 dachte Verzeichnuß abermals anzeiget. Anno
213 2314 1897 2424 1635. haben die Frantzoſen Bingen eingenom⸗
213 2415 1909 2529 men; auch das Schloß / den 3. Auguſti auff
219 2528 1921 2644 Gnad und Ungnad erobert. Anno 1639. den
227 2639 1925 2749 11. und 21. Novembris, nahmen die Weyma⸗
215 2748 1929 2860 riſchen Schloß und Stadt Bingen ein / ſo aber
224 2856 1932 2969 Anno 1640. im Auguſto / die Kaͤyſeriſch⸗ und
225 2966 1934 3081 Spaniſchen / unter dem Feld⸗Marſchall von
213 3075 1935 3188 Geleen / wieder eroberten; nachdem zuvor ſie /
218 3186 1934 3298 und die Bayriſchen / zum zweytenmal darvor
216 3295 1934 3409 nichts außgerichtet hatten. Gegen die Wey⸗
218 3405 1933 3517 mariſchen hat ſich / in beſagtem Jahr / dieſer
208 3517 1930 3628 Ort auch wohl gewehret / und zween Stuͦrm
205 3625 1928 3738 abgeſchlagen; und hat ſich das Schloß / dar⸗
218 3736 1927 3848 auff die Beſatzung gewichen / noch / nach der
209 3832 1927 3959 Stadt / etwas gehalten; muſte ſich doch end⸗
218 3958 1926 4070 lich auch ergeben. Und iſt Bingen auch vor⸗
216 4062 1925 4180 hero / in dem Schwediſchen Krieg / nicht un⸗
219 4171 1927 4291 angefochten blieben. Anno 1644. nachdem
220 4274 1924 4402 die Frantzoſen Meyntz und anderer Ort am
204 4385 1924 4510 Rhein / ſich bemaͤchtiget / haben ſie auch dieſes
207 4501 1925 4621 eingenommen / und beſetzt. In dieſem Krieg
218 4605 1924 4762 iſt es An. 75. im Aprill mit 300. Kaͤyſerlichen
210 4716 749 4823 beſetzt worden.
305 4807 1923 4954 Ein Buͤchſenſchuß unter der Stadt / ſtehet /
221 4934 1921 5063 auff einer kleinen Inſul / in dem Rhein / der be⸗
218 5032 1920 5172 ruffene Maͤußthurn / gleichſam / als ein
218 5156 1919 5287 kleines Schloß / welcher auff einem Felſen /
213 5265 1918 5395 und auß groſſen und wehrhafften Steinen wi⸗
207 5373 1917 5506 der alle deß Fluſſes Wellen und Guͤſſe / erbau⸗
204 5483 1916 5613 et iſt. Wann der Rhein klein wird / ſo mer⸗
218 5592 1915 5726 cket man am Felſen / umb den Thurn / der heut
203 5702 1914 5834 zu Tag ſtehet / daß entweder Mauren / oder ein
218 5811 1912 5947 anders Gebaͤu da geweſen / und daß mit groſſer
201 5909 1911 6055 Muͤhe deſſelben Grund gelegt worden; in de⸗
210 6030 1910 6187 ren groͤſſern Steinen man etlichmal Zeichen
1955 430 3654 570 von etlichen Creutzlein / oder gleichſam Spey⸗
1955 549 3650 680 chen von Rädern / und in dem Thurn ſelbſten /
1958 667 3649 797 ein außgehoͤletes Loch / in welches man heuti⸗
1925 776 3648 897 ges Tags diejenige / ſo in dem benachbarten
1925 883 3644 1010 Zollhauß ſich vergreiffen / zu ſtecken pflegt /
1924 999 3647 1122 findet. Trithemius ſagt in der Hirſchauiſchen
1924 1103 3646 1234 Chronick / und im Jahr 967. daß dieſer Thurn
1923 1216 3646 1345 zur Wart fuͤr das Vaterland / vorzeiten ſey
1923 1330 3646 1455 erbauet worden. Etliche alte Verß von dem
1922 1432 3644 1564 Ertzbiſchoff Willigiſo, geben zu erkennen / daß
1922 1553 3643 1681 ſolcher Thurn von ihme ſeye herkommen / auß
1922 1663 2873 1773 welchen drey alſo lauten:
1921 1765 3635 1905 Pontem conſtruxit apud Aſchaffenburg,
2411 1891 2832 1979 benè duxit
1920 1959 3636 2127 Ac pontem per Nahe: miles tranſit quoq;
2408 2137 2668 2210 verna,
1920 2156 3638 2338 Et benè Neceſſe prope Bing Maͤuſen / de-
2429 2328 2729 2416 dit eſſe.
2063 2435 3636 2566 Und von ſolcher Wart / vermeynt gedach⸗
1951 2547 3635 2668 ter Serarius, habe der Thurn den Namen be⸗
1949 2653 3633 2784 kommen. Dann wer außſpaͤhet / und von ei⸗
1949 2764 3639 2894 ner Wart etwas erſiehet / den heiſſe man mau⸗
1957 2874 3636 2997 ſen / das iſt / auff die Maͤuſe / wie die Katzen /
1953 2986 3640 3113 lauſtern / und warten. Dieweil dann dieſer
1953 3089 3630 3224 Thurn mitten im Rhein ein Wart / und deß⸗
1951 3208 3633 3328 wegen erbauet war / entweder die Feinde oder
1953 3309 3634 3447 Waaren / und Schifffuhren / außzuſpaͤhen;
1950 3422 3634 3557 deßwegen habe man ihn den Maͤußthurn zu
1949 3538 3635 3666 nennen angefangen. Die ander Urſach ſeye /
1949 3639 3635 3768 ſagt er / daß / wann wir ein einſam / und oͤdes
1949 3753 3630 3888 Hauß / darinn niemands mehr wohnet / ſehen /
1947 3862 3631 3987 wir ſolches ein Hauß der Maͤuſe nennen / als
1947 3973 3632 4108 welche ſich darinn ohne Scheu auffhalten.
1948 4074 3633 4216 Daß aber ſolcher Thurn ſchon vorlaͤngſten
1945 4193 3630 4323 unbewohnet geweſt / das ſey offenbar / ſchreibet
1945 4300 3638 4434 er lib. 4. da er die Hiſtori vom Ertzbiſchoff
1947 4410 3625 4547 Hattone II. zu Meyntz / der allhie von den
1947 4514 3628 4655 Maͤuſen gefreſſen worden ſeyn / und ſolcher
1945 4626 3625 4763 Thurn daher den Namen haben ſolle) am 696.
1946 4740 3627 4874 und folgenden Blaͤttern / zu widerlegen / und
1948 4848 3627 4991 für eine Fabel zu halten / ſich unterſtehet. Ge⸗
1942 4964 3618 5090 dachter Trithemius ſagt an gemeldtem Ort /
1942 5080 3619 5186 und 35. Blat: Huic nos fabulæ auctoritatem
1945 5186 3615 5328 nec damus, nec rurſus ſubtrahimus, quam
1943 5297 3615 5438 ulque in hodiernum diem, & à veteribus
1941 5405 3617 5533 deſcriptam legimus, & ab lncolis terræ, ut à
1940 5513 3613 5655 Proavis perceptam auditu, ad nepotes re-
1939 5620 3614 5769 ferre non ignoramus, &c. Anno 1639. iſt die⸗
1937 5733 3613 5873 ſer Maͤußthurn im Rhein anfangs von den
1934 5843 3612 5988 Weymariſchen / und Frantzoſen; hernach im
1934 5958 3613 6100 Chriſtmonat von den Bayriſchen beſetzt wor⸗
1909 6074 2075 6177 den.
