3870 6490
1933 2636 3589 2762 M Rinckgaͤw / am Rhein / faſt gegen In⸗
378 1737 1897 1903 In Meil von Umbſtadt / nahend dem
378 1870 1890 1985 Odenwald /an dem Waſſer Gerntzprentz
2553 2447 2998 2652 Elfeld.
243 2985 1901 3104 Nsgemein Dreckshauſen / eigentlich aber
1947 2875 3596 2988 hat ein ſchoͤne Kirch / mit einem ſehr hohen
1946 2977 3596 3101 Thurn / und ein Schloß oben an der Stadt /
1947 3090 3600 3208 ſo jetzt abgebrant worden / hat in dem jetzigen
1949 3200 3600 3317 teutſchen Krieg viel erlidten / und außgeſtan⸗
1950 3307 3589 3426 den. Es ſagt Dilichius in ſeiner Heſſiſchen
1938 3421 3596 3546 Chronick am fuͤnfftzigſten und folgenden
1949 3527 3599 3643 Blat / daß Elfeld im Obern⸗Rheingaͤw gele⸗
1946 3636 3590 3759 gen; und habe es ſonſten keine Stadt im gan⸗
1946 3747 3595 3866 tzen Rheingaͤw; aber auß der maſſen ſchoͤne
1947 3849 3593 3981 herrliche Flecken und Doͤrffer / welche ſich
1948 3965 3591 4091 leichtlich den Staͤdtlein vergleichen koͤnnen.
1952 4073 3597 4199 So lige auch nicht fern von Elfeld / das ſchoͤne
1949 4183 3613 4310 Kloſter Erbach / darin̄en viel der alten Graf⸗
1953 4300 3595 4425 fen zu Naſſaw ihre Begraͤbnuͦß / und Monu-
1956 4406 3595 4535 menta, haben. Es gehoͤre aber dieſes Rhein⸗
1956 4516 3612 4649 gaͤw / ſo zwiſchen den Graffſchafften Catzen⸗
1958 4626 3597 4756 elenbogen / und Dietz / und der Wetteraw /
1960 4741 3601 4867 (und den Staͤdten Meyntz / und Bingen / am
1961 4854 3604 4979 rechten Geſtad deß Rheins) gelegen / nach
1953 4963 3600 5091 Meyntz. Seye ein umbſchloſſen Laͤndlein:
1963 5071 3602 5202 Auff der einen Seiten werde es mit einem ho⸗
1960 5188 3604 5320 hen Gebirg / und Wald / umbgeben / ſo man die
1967 5299 3603 5435 Hoͤhe nenne / und allenthalben ſehr wol ver⸗
1970 5405 3602 5544 hauen / auch ſonſten mit ſtarcken Thuͤrnen /
1951 5517 3602 5656 und Thoren / verwahret ſeye; alſo / daß man /
1952 5627 3610 5756 wider der Innwohner Willen / nicht leichtlich
1976 5736 3608 5870 durchzuziehen vermoͤge: Auff der andern Sei⸗
1958 5838 3606 5987 ten aber / werde es mit dem Rhein beſchloſſen:
1974 5960 3604 6101 Habe herrlichen Wein / ſonderlich bey Ruͤd⸗
1957 6067 3608 6227 desheim / gegen Bingen uͤber. Und das ſagt
734 2792 1423 2976 Dreckhuſen.
2119 2757 3592 2881 gelheim uͤber. Iſt ein feines Staͤdtlein /
621 479 1525 658 Biſchoffsheim.
242 3213 1902 3335 theils wollen / Trajana Caſtra genannt; wie
241 3322 1906 3444 beym Frehero part. 2. Orig. Palat. in Omis-
244 3425 1901 3552 ſis, zu leſen. Ligt ein Meil Wegs unter Bin⸗
244 3539 1899 3664 gen / nahend dem Rhein. Wird mehrertheils
244 3647 1900 3767 nur / aber ein ſchoͤner Meyntziſcher Flecken ge⸗
246 3760 1900 3894 nannt / ſo wegen deß herrlichen Weinwachs
248 3879 681 4003 beruͤhmt iſt.
220 4429 1934 4562 fol. 39. b. ſchreibet. Iſt alt / und an der Wip⸗
222 4538 1935 4675 per / auff dem Eichsfeld / ein Meil von Heili⸗
223 4649 1937 4786 genſtadt / auff einem ſehr luſtigen und frucht⸗
225 4762 1938 4896 baren Boden / ſo mit guter Weyde umbgeben /
226 4872 1940 5008 und gegen Mittag waldaͤchte Berglein hat /
228 4985 1941 5121 gelegen. Sie hat die Freyheit jederzeit erhal⸗
229 5096 1942 5232 ten / ihre Regalien erercirt / und Muͤntz geſchla⸗
231 5208 1944 5343 gen. Wie aber ſolche Stadt an Chur Meyntz
232 5320 1945 5453 kommen / wird unten bey Heiligenſtatt vermel⸗
233 5432 1947 5562 det. Es haben Anno 1479. die Fuͦrſten von
235 5543 1948 5675 Sachſen; Anno 1525. Hertzog Heinrich zu
236 5656 1950 5788 Braunſchweig (wie Johann Bange in der
238 5766 1951 5900 Thuͦringiſchen Chronick p. 165. und 167. be⸗
239 5878 1953 6012 richtet) dieſes Duderſtadt eingenommen.
241 5992 1954 6119 Hertzog Wilhelm zu Sachſen⸗Weymar / hat
242 6105 1956 6234 dieſen Ort Anno 1632. im Februario; hernach
1945 437 3574 565 der Graff von Pappenheim / folgends Anno
1938 561 3586 674 33. im Julio, Hertzog Georg zu Luͤneburg / er⸗
1936 668 3587 783 obert / den Wall / und Auſſenwerck / geſchleifft /
1933 778 3575 891 und allein den Stadtgraben / ſam̄t dem innern
1941 886 3583 1005 kleinen Wall / und Mauren / gelaſſen. Ward
1930 997 3576 1115 folgends wieder Meyntziſch: Aber An. 1639.
1929 1103 3579 1226 vom Schwediſchen Obriſten Koͤnigsmarck
1938 1219 3583 1334 abermals erobert; etwas beſſers beveſtiget / und
1939 1329 3580 1444 beſetzt. Es haben damaln die Schwediſche
1927 1434 3584 1553 auch das Hauß Gleichenſtein auff dieſem
1927 1549 3580 1664 Eichsfeld; und das Schloß Gletten⸗ oder
1927 1658 3581 1773 Clettenberg / am Hartz / bekommen. Und mu⸗
1927 1767 3587 1885 ſte das Laͤndlein Eichsfeld gewaltig herhalten.
1927 1872 3578 1992 Aber Anno 1641. bekamen die Kaͤyſeriſchen
1933 1984 3580 2105 Duderſtatt; und das folgende 42. Jahr die
1939 2093 3577 2214 Schwediſchen wieder ſolches ein; Da dann
1934 2206 3586 2322 auch Gleichen / oder Gleichenſtein / mit Ac⸗
1942 2321 2680 2430 cord uͤbergangen iſt.
381 777 1895 899 Wertheim / und Koͤnigshofen / nicht weit
420 3063 1900 3249 Trechtingshauſen / und vorzeiten / wie
239 655 1894 782 N der Tauber / in Francken / zwiſchen
224 4188 1925 4349 St ein Hanſe⸗Stadt / wie Werdenhagen
762 1543 1393 1738 Dieppurg.
754 3993 1469 4200 Duderſtadt.
435 4329 1902 4448 de Rebuspubl. Hanſeat. part. 4. cap. 7.
235 893 1892 1009 von Lauden / ein Staͤdtlein / daherumb es gu⸗
235 999 1887 1113 ten Weinwachs / ſonderlich zu Diſtelhauſen /
234 1113 1886 1228 dabey gelegen / hat. Soll vorzeiten ein beruͤhm⸗
227 1224 1886 1337 tes Nonnen⸗Kloſter allhie gehabt haben / deſ⸗
234 1336 1869 1456 ſen Vorſteherin die heilige Lieba geweſen.
237 1977 1887 2109 gelegen / iſt ingleichem ein Meyntziſches
238 2096 1888 2213 Staͤdtlein / allda es auch ein Schloß hat. Und
237 2201 1888 2331 iſt ſolches Staͤdtlein Diepurg / in dem Ver⸗
237 2316 1891 2440 gleich / zwiſchen Adolpho, und Diethero,
238 2423 1890 2546 Ertzbiſchoͤffen zu Meyntz / dieſem Diethero
238 2534 1888 2653 verblieben / wie Trithemius de geſtis Frideri-
242 2660 862 2781 ci p. 34. ſchreibet.
