3870 6490
1900 373 3669 503 Probſtey in eine Abbtey verwandelt / und zum
1901 491 3670 621 Erſten Abbt einen Muͤnch / Namens Egilbar-
1902 607 3670 726 dum, verordnet hat. Trithem. in Chron.
1902 721 3670 843 Spanheim. fac. 246. Bey welcher Wuͤrde es
1903 828 3671 955 in die 400. Jahr verblieben. Jetziger Zeit iſt
1903 940 3671 1065 es dem Dom⸗Capitul zu Meyntz eingethan.
1903 1058 3672 1172 So iſt auch in dieſem Laͤndlein der ſchoͤne
1904 1156 3672 1290 Fleck Geiſenheim / von theils auch ein
1904 1284 3673 1405 Staͤdtlein / und Gyſenheim genannt / zwiſchen
1905 1395 3673 1510 obbeſagten beyden Orten Rodesheim / oder
1905 1503 3674 1621 Ruͤdesheim / und S. Johanns Berg / am
1906 1608 3674 1739 Rhein gelegen: Jtem / Waluff / ſo in dieſem
1906 1731 3675 1848 Krieg ſich wol bekant gemacht / und viel Scha⸗
1907 1841 3675 1957 den / ſonderlich Anno 1631. gegen dem Ende
1907 1955 3676 2073 deſſelben / gelidten hat / als die Schweden ſol⸗
1908 2068 3676 2182 ches mit Gewalt erobert / und alles / was ſie in
1908 2181 3677 2294 den Waffen gefunden / niedergehauen haben.
1909 2287 3677 2411 In deß Kemnitzii 2. Theil vom Schwedi⸗
1909 2398 3678 2518 ſchen Krieg / ſtehet alſo: Der Schwediſch
1910 2508 3678 2629 Obriſt Hohendorff / Com̄endant in Meyntz /
1910 2627 3679 2738 uͤberſiel die Boͤnninghauſiſche in Wißbaden /
1911 2729 3679 2853 den 1. April. Hernach ergab ſich Waloff
1911 2845 3680 2961 im Rinckgaͤw / auff Gnad / und Ungnad. Zu
1912 2953 3680 3071 Grieſenheim / und Ruͤdesheim war der Feind
1912 3068 3681 3183 allbereit auffs Schloß Ehrenfels gewichen /
1913 3176 3681 3292 daher / nach Einnehmung deß Zollhauſes / die
1913 3274 3682 3403 Meyntziſchen (wird Schwediſche heiſſen ſol⸗
1914 3399 3682 3517 len) daſſelbe blocquirt gelaſſen: hernach das
1914 3502 3683 3626 Staͤdtlein Elfeld hinweg genommen / und wi⸗
1915 3622 3683 3739 chen die im Schloß / unterdeſſen ſie den Boͤn⸗
1915 3733 3684 3853 ninghauſiſchen Secours in die Flucht geſchla⸗
1916 3843 3684 3961 gen / auch auß demſelben. Es brachte auch ge⸗
1916 3953 3685 4075 meldter Hohendorff / das beſagte Schloß Eh⸗
1917 4062 3685 4184 renfels / als die darinn ſchon etliche Tag Pfer⸗
1917 4168 3686 4298 defleiſch zu eſſen angefangen / auff Gnad / und
1918 4282 3686 4406 Ungnad / in ſeinen Gewalt. Allein / weil das
1918 4386 3687 4522 Rheingau ein offen Land / ſo bekam der Feind /
1919 4507 3687 4632 nach Abzug der Schwediſchen / das Staͤdtlein
1919 4609 3688 4743 Elfeld / den 10. Aprilis / in der Furi wieder /
1919 4730 3688 4859 und ward auch das Schloß / den 11. diß / umb
1920 4824 3689 4969 Mitternacht / quittirt: und kam das Rhein⸗
1920 4954 3689 5082 gaͤw / auſſer Ehrenfels / und dem Maͤuſethurn /
1921 5064 3690 5201 wieder in der Schwediſchen Feinde Gewalt.
233 386 1931 512 Dilich. Anno 1635. haben die verbundene
234 504 1933 643 Voͤlcker Elfeld und Ruͤdesheim angenom⸗
213 645 569 743 men.
258 701 1934 857 Die dieſes gegen gedachter Stadt Bingen
235 844 1933 963 uͤbergelegenes Laͤndlein / Rinckgaͤw nennen /
236 949 1932 1076 die fuͤhren den Namen her / von der alten Ob-
237 1062 1932 1183 rinco, ſo viel / als Oberrinckaw / heiſſen ſolle.
236 1178 1908 1298 Beſiehe Baſil. Heroldum in lib. de Station.
241 1294 1930 1413 Legion. in veteri Gem. c. 25. Es wird aber
239 1407 1911 1521 von dem Rhein / ſonſten das Rheingaͤw ge⸗
235 1510 1909 1632 nannt. Zu beſagtem Ruͤdißheim / von
229 1633 1908 1745 theils Rodesheim / und ein Staͤdtlein genan̄t /
235 1740 1908 1855 waͤchſt der beſte Wein / wie auch zum theil oben
238 1854 1905 1965 angedeutet worden / der weit verfuͦhret wird.
244 1961 1903 2077 Carve ſchreibet part. 2. Itiner. pag. 135. daß
240 2076 1904 2186 zu Ruͤdesheim Anno 1639. durch die Bayri⸗
235 2178 1909 2300 ſche die Pforten ſeyen eroͤffnet worden / und die
237 2290 1912 2414 Schwediſchen da eingebuͤſſet haben; deren ſich
226 2406 1922 2517 etliche in die alte Burg retirirt: Und ſeye alſo
225 2507 1922 2632 das gantze Rheingaͤw / auſſer Ehrenfelß / wieder
232 2628 1905 2739 erlediget worden. Und haben die Bayriſchen
233 2736 1904 2850 auch hernach den Zoll Ehrenfelß / und den
230 2843 1898 2965 Maͤußthurn / in ihren Gewalt gebracht. Be⸗
225 2953 1919 3073 ſagtes Kloſter Erbach / darinn viel Ertzbi⸗
222 3067 1920 3181 ſchoͤffe von Meyntz begraben ligen / hat Adal-
236 3177 1920 3287 bertus I. Biſchoff zu Mentz / ein geborner
230 3288 1903 3401 Hertzog zu Lothringen / ſo Anno 1137. geſtor⸗
230 3401 1921 3512 ben / im Jahr 1131. wie auch das Kloſter
225 3504 1921 3623 Schwabenheim / in dieſem Rheingaͤw
221 3620 1921 3740 gelegen / geſtifftet / da er auch begraben ligt; wie
222 3732 1921 3848 Bruſchius de Epiſcopat. German. cap. 2. p.
228 3847 1918 3956 9. b. ſchreibet. Jacob. Schopper ſagt / cap. 5.
232 3949 1922 4064 Chorogr. German. fol. 61. Daß ſeiner Zeit
234 4060 1922 4178 ein gar groſſes Faß in dieſem Kloſter Erbach
232 4173 1922 4287 geweſen / ſo zwey und achtzig Waͤgen mit
235 4282 1923 4399 Wein (einen Wagen auff zwoͤlff Ohm ge⸗
231 4393 1923 4509 rechnet)/ gefaſſt habe / deſſen Laͤnge von acht und
238 4503 1923 4621 zwantzig / die Hoͤhe von neun Schuhen / und
234 4615 1921 4731 mit vierzehen Ringen gebunden / und umbge⸗
234 4726 1920 4839 ben geweſen ſeye. Es ligen auch in dieſem
232 4833 1918 4955 Rheingaͤw / oder Rhinckaͤw / das Kloſter
234 4948 1916 5074 Lorich / und die Probſtey zu S. Johann /
234 5057 1915 5173 insgemein Biſchoffsberg genannt / ſo Bi⸗
223 5169 1913 5288 ſchoff Ruthardus zu Meyntz / zu der Ehren
217 5278 1911 5409 Johannis deß Taͤuffers Anno 1108. erbauet /
226 5391 1893 5509 und dem Abbt zu S. Alban / auſſerhalb
226 5500 1887 5619 Meyntz / untergeben: Zuvorderſt aber Ru⸗
225 5615 1898 5732 dolff / von andern Reicholff genannt / Graff
230 5728 1886 5844 im Rheingaug / und ſeine Gemahlin Danci-
224 5839 1887 5949 nodis, oder Clanckmodis, mit vielen Einkom⸗
222 5948 1886 6068 men begabet: Endlich aber Ruthardi Nach⸗
217 6058 1880 6199 fahr / Biſchoff Adelbert Anno 1130. ſolche
1941 5357 3606 5491 Aran Chur⸗Meyntz auch Theil hat / iſt
2515 5208 2970 5364 Epſtein.
2124 5475 3613 5597 in der Topographia Haſſiæ, bey Reif⸗
1933 5584 2680 5700 fenberg / einkommen.
1907 5847 3631 6008 In vornehme Stadt in Thuͤringen / jetzo
2501 5697 2956 5865 Erffurt.
1923 6089 3482 6207 graphia Saxoniæ Superioris einkommen.
2087 5965 3597 6094 Chur⸗Meyntz gehoͤrig / iſt in der Topo-
