3870 6490
806 393 1259 578 Fritzlar.
159 836 1906 965 helmus Dilichius, in ſeiner Heſſiſchen Chro⸗
159 962 1934 1074 nick / am 162. und folgendem Blat / alſo ſchrei⸗
160 1071 1934 1183 bet: Der Thumbſtifft allhie iſt Anno 732. von
160 1180 1934 1296 Bonifacio, und die Stadt bald darauff / auß
160 1291 1934 1410 der Stadt Buriburg (deſſen Lager⸗Ort man
160 1403 1935 1518 noch bey Fridslar / auff einem hohen Berge ſe⸗
161 1517 1935 1630 hen kan) darumb / daß dieſer Ort zu bewohnen
161 1625 1935 1737 bequemer / und habhaffter / erbauet worden.
161 1729 1935 1852 Weiln auch die Eder / (oder Adraua Taciti,
161 1845 1936 1961 ſo in die Fulda laufft) nahend derbey / und ſon⸗
162 1954 1936 2089 ſten die Gegend eben / der Boden geſchlacht
162 2065 1936 2188 Obſt / Wein / und Huͤlſenfrucht zu tragen be⸗
162 2175 1936 2311 quem iſt / ſo thut dieſe Stadt / wegen luſtigen
162 2284 1937 2408 Orts / es vielen umbligenden Staͤdten weit be⸗
163 2392 1937 2513 vor. Biß hieher Dilich. Anno 774. ward
163 2502 1937 2626 ſie von den Sachſen / biß auff den Stifft / auß⸗
163 2607 1937 2735 gebrant. Dann / als S. Bonifacius, S. Pe⸗
163 2723 1938 2843 tern zu Ehren / dieſe Kirch allhie erbauet / hat er
164 2831 1938 2954 auß Prophetiſchem Geiſt geſagt / daß ſolche
164 2943 1938 3077 niemals durch Feuer werde verderbt werden.
164 3052 1938 3173 Derowegen / als ſelbiges mal ſolche die Sach⸗
164 3160 1938 3285 ſen anzuͤnden wolten / iſt ſie von oben her ein ſol⸗
165 3273 1939 3390 cher gaͤher Schrecken ankommen / daß ſie
165 3382 1939 3507 ſchaͤndlich zitterend / verwirret worden / und
165 3492 1939 3608 nach Hauß fliehend umbgekehret haben; wie
165 3600 1939 3722 Nicolaus Serarius lib. 3. Rer. Mogunt. no-
165 3707 1940 3834 tat. 27. pag. 494. auß den Annalibus Fran-
166 3819 1940 3940 corum, ſo der Graff von Nuenar herfuͦr ge⸗
166 3926 1940 4051 ben: Item / auß Lamberto Schafnab. oder
166 4041 1940 4159 Aſchaffenburg. Reginone, und Mariano,
166 4149 1941 4277 ſchreibet. Landgraff Conrad zu Thuͤringen
167 4258 1941 4388 hat Anno 1232. wegen einer Strittigkeit / ſo er
167 4366 1941 4488 mit dem Ertzbiſchoff zu Meyntz gehabt / dieſe
167 4478 1941 4603 Stadt / ſo drey Meilen von Caſſel gelegen /
167 4584 1942 4716 uͤberzogen / die Vorſtaͤdte abgebrant / die Muͤh⸗
168 4697 1942 4825 len zerriſſen / und die Bruͤcken zerbrochen. Und
168 4814 1942 4939 da er vermeynet / er haͤtte ſich alſo wol gero⸗
168 4923 1942 5044 chen / und im Abzug geweſen / da ſeyn etliche lo⸗
168 5032 1943 5159 ſe Weiber auff die Stadtmauren gelauffen /
169 5144 1943 5269 haben den Hinderſten entbloͤſet / ſolchen über
169 5251 1943 5380 die Zinnen herauß gereckt / und dem Landgraf⸗
169 5364 1943 5491 fen nachgeruffen / Wann er nirgend hin zuflie⸗
169 5474 1944 5605 hen wuͤſte / wolten ſie ihme hiemit die Herberge
170 5583 1944 5714 gewieſen haben. Hierdurch er dann im Zorn
170 5693 1944 5819 wiederumb zu kehren bewegt worden / und hat
170 5805 1944 5934 die Stadt von neuem zu belaͤgern / Feuer ein⸗
170 5916 1944 6037 zuwerffen / und zugleich zu ſtuͤrmen angefan⸗
243 6022 1945 6165 gen; daruͤber dann alle Gebaͤu in der Stadt /
381 604 1883 735 N Heſſen / von theils Frideslar / und Fri⸗
374 741 1888 852 tislar / genannt; von welchem Ort Wil-
1919 399 3565 545 Haͤuſer und Kirchen / mit allen Maͤnnern /
1920 528 3613 656 Weibern und Kindern / biß auff etlich wenig /
1924 640 3569 764 ſo herauß gefallen / und ſich gefangen ergeben /
1924 750 3564 874 jaͤmmerlich verbrannt / auch folgenden Tags
1926 853 3570 980 die Mauren umbgeworffen / die Thuͤrn nieder⸗
1924 968 3572 1094 geriſſen / und die Kloͤſter / ꝛc. herumb abgebrañt
1927 1079 3567 1199 worden ſeyn; wie beym beſagten Dilichio
1925 1192 3610 1314 part. 2. pag. 152. ſeq. und Cyriaco Spangen⸗
1928 1298 3611 1428 berg in ſeiner Manßfeldiſchen Chronick cap.
1929 1410 3573 1536 253. zu leſen. Anno 1631. im Septembri, ward
1920 1517 3574 1641 dieſe auff einer anmuͦhtigen Hoͤhe gelegene / mit
1929 1627 3571 1749 einem Graben / und Ringmauer / auch vielen
1930 1740 3574 1860 hohen Thuͤrnen verwahrete Stadt / von Land⸗
1929 1843 3600 1971 graff Wilhelmen in Heſſen mit ſtuͤrmender
1907 1966 3578 2076 Hand / und hernach den 29. Ejusdem, von
1928 2070 3577 2184 General Tilly wieder erobert; hat auch fol⸗
1925 2183 3611 2290 gends noch viel außgeſtanden: Wie dann An⸗
1930 2289 3603 2402 no 1640. im Auguſto / die Kaͤyſeriſchen dieſen
1911 2397 3601 2514 Ort einbekommen / und beyde Kriegs⸗Heer /
1912 2507 3600 2631 Kaͤyſer⸗ und Schwediſche / damals drey Tag
1932 2619 3603 2724 lang gar nahe beyſammen umb dieſe Stadt la⸗
1931 2727 3611 2846 gen. Es iſt da eine feine Burgk / oder Schloß.
1934 2837 3605 2948 Beſiehe von dieſem Ort / neben den angezoge⸗
1934 2946 3612 3060 nen Scribenten / auch Albertum Cranzium
1940 3058 3612 3173 lib. 2. Sayon. c. 10. G. Braun in Theatro Ur-
1935 3160 3615 3279 bium, und Caſp. Ens in delic. apodem. p. 215.
1936 3276 3612 3386 ſeq. In einer Anno 1648. communicirten
1937 3385 3588 3495 Beſchreibung wird alſo von dieſem Ort ge⸗
1935 3486 3583 3605 ſagt: Die Chur⸗Meyntziſche Stadt und
1938 3600 3582 3716 Stifft Fritzlar / ligt gantz auff Heſſiſchen Bo⸗
1940 3710 3611 3823 den / wiewol auch zwey abſonderliche Doͤrf⸗
1937 3817 3588 3930 fer darzu gehoͤren. Es iſt dieſe Stadt zimlich
1938 3929 3591 4039 weit umbfangen / dichte / und wol gebauet; hat
1939 4035 3620 4151 ohne den Thumb / ſo eine ſchoͤne und auff Paͤb⸗
1945 4145 3604 4262 ſtiſche Art wol gezierte Kirche / auch noch etli⸗
1941 4255 3590 4372 che andere Kirchen und Kloͤſter; und ligt die
1944 4368 3589 4479 Stadt an einem ſehr anmuthigen / luſtigen
1927 4476 3619 4593 Huͤgel / mit Weingaͤrten umbgeben / und Su⸗
1927 4592 3596 4701 denwerts / gegen der Eder zu / hangend. Es ſind
1945 4697 3631 4810 auch ſonſt unterſchiedene feine Gebaͤu in der
1951 4806 3595 4920 Stadt / ſonderlich der Domherrn Haͤuſer /
1943 4918 3630 5033 und iſt ſolche rings umbher mit einer ſehr ho⸗
1934 5026 3632 5143 hen Mauer / auch vielen Thoren und ſpitzigen
1940 5141 3598 5250 Thuͤrnen umbgeben. So iſt umb dieſe Stadt
1945 5250 3620 5361 ein ſehr herrlicher und außerleſener Frucht⸗
1946 5361 3629 5470 wachs; auch hat das Stifft in den Aemptern
1949 5468 3632 5581 Borcken / Homberg / Felßberg / und Gudens⸗
1949 5579 3600 5693 berg / ſehr ſtattliche reiche Frucht⸗Zehenden.
1948 5687 3631 5799 Bey der Stadt gehet eine ſchoͤne ſehr lan⸗
1949 5800 3598 5911 ge und hohe ſteinerne Bruͤcke über die Eder /
1952 5911 3606 6021 welche daſelbſt ſich in unterſchiedliche brei⸗
1952 6020 3636 6139 te Fluͤſſe theilet. Uber dieſe Bruͤcke gehet
