3870 6490
2128 1415 3604 1530 gelegen / allda die Chur⸗Meyntziſche die⸗
219 2081 1882 2204 Weg zu Waſſer / nahend der Bergſtraß / und
225 2192 1885 2311 auff der Seiten gegen Darmbſtatt zu / in einem
224 2301 1885 2425 moraſtigen Grund gelegen / Stadt und
224 2405 1913 2532 Schloß / ſo Anno 1631. vom Koͤnig auß
223 2512 1914 2644 Schweden / mit Accord erobert / nachgehends
222 2619 1915 2751 aber wiederumb quittirt worden. Iſt dieſer
226 2731 1916 2867 Zeit etwas beveſtiget; und Anno 1645. von den
234 2840 1917 2975 Frantzoſen auß Wormbs uͦberſtiegen / aber
228 2946 1917 3084 gleich darauff von der Chur⸗Bayriſchen Ar⸗
230 3063 1898 3197 mee belaͤgert / und den 19. May mit accord
231 3181 1897 3303 wieder eingenommen worden. Anno 1647.
236 3287 1901 3413 im Fruͤhling wolten die Frantzoſen Gernsheim
239 3390 1900 3521 belagern; der Herr Chur⸗Fuͦrſt von Meyntz
240 3509 1915 3625 aber vermittelte es / daß die Beſatzung außzo⸗
237 3614 1915 3742 ge / und ſolte das Staͤdtlein ſeiner Wehren be⸗
232 3724 1914 3849 raubt werden. In dieſem itzigen Krieg haben
235 3841 1898 3962 Ihre Chur⸗Fuͦrſtl. Durchl. zu Pfaltz den 14.
236 3950 1897 4065 Martii ſt. n. dieſes 1675. Jahrs / das Staͤdt⸗
239 4067 1899 4176 lein zu Verſicherung ihres Landes mit dero
239 4177 1128 4285 Voͤlckern beſetzen laſſen.
1939 1278 3604 1422 Uff dem Eichsfeld / nahend Duderſtatt
417 4616 1909 4730 Chur⸗Meyntz gehoͤrig / ſo ſamt vielen
247 4502 1901 4635 In ſchoͤn neu Kloſter auff dem Eichsfeld /
1936 1523 3608 1638 ſes Laͤndleins Regierung iſt; und von welcher
1939 1637 3612 1750 Stadt wir in einer geſchriebenen Chronick fol⸗
1924 1751 3608 1862 gendes gefunden haben: Koͤnig Dagobertus
1937 1861 3607 1971 auß Franckreich ward gantz auſſaͤtzig / daß er
1938 1972 3614 2083 Franckreich verlaſſen muſte / kam in Teutſch⸗
1939 2086 3609 2192 land / da jetzund Heilgenſtatt ligt / und bauet da
1937 2189 3612 2301 eine Veſtung / noch genannt die alte Burgk /
1939 2303 3609 2412 und wohnete da mit ſeinem Weib. Nun waren
1942 2419 3610 2524 vorzeiten zween Bruͦder / Chriſten / Aureus,
1941 2524 3612 2634 und Juſtinus, die giengen Wallen / und kamen
1940 2635 3613 2746 in einen Hoff / Ruſtefeld genannt / und herberg⸗
1943 2742 3610 2856 ten allda die Nacht; Morgens giengen ſie
1924 2853 3616 2968 durch den Wald / da wurden ſie von den Un⸗
1924 2964 3610 3078 glaubigen ermordet / und da begraben. Dago-
1924 3076 3606 3188 bertus ritte alſo auſſaͤtzig an die Jagt / und ei⸗
1924 3183 3612 3294 nen Morgen / in dem Sommer / kam er in den
1924 3283 3614 3405 Wald / ſtund auß Muͤdigkeit von ſeinem
1924 3396 3610 3518 Pferd ab / hefftet es an einen Aſt / leget ſich ni⸗
1924 3515 3609 3627 der in den Thau / und ſchlieff / und ward an dem
1943 3616 3613 3741 Ort / da ihn der Thau beruͤhrt hat / der Auſſaͤ⸗
1945 3737 3616 3853 tzigkeit erlediget. Sein Gemahlin zog wieder
1946 3848 3610 3963 mit ihme auff die Staͤtt / Er thaͤt ſeine Kleider
1947 3957 3615 4068 von ſich / und waͤltzte ſich / und ward gantz ge⸗
1950 4065 3609 4177 ſund / und ſprach: Diß iſt ein H. Staͤtte / und
1950 4178 3611 4284 grub inn / und fande die zween ermordete Heili⸗
1951 4287 3626 4396 gen friſch / und unverweſen / und bauete da auff
1953 4396 3613 4504 die Staͤtte eine Kirchen / das nun ein Stadt
1931 4508 3612 4622 worden iſt / genannt Heiligenſtatt / bauete her⸗
1931 4614 3610 4733 nach Dagobertsſtadt / jetzt Erfurt / und zog
1932 4724 3608 4843 wieder auff Pariß. Und dieſes ſagt angezo⸗
1933 4834 3610 4955 gene Chronick / ſo der Leſer mit dem Leben deß
1933 4944 3609 5069 gedachten Koͤnigs Dagoberti, auch deß heili⸗
1953 5054 3613 5178 gen Bonifacii, conferiren / und ſo dann / ob ſol⸗
1960 5168 3618 5295 che Erzehlung warhafftig / oder nicht / ſeye / ju⸗
1961 5284 2357 5374 diciren kan.
1937 5393 3601 5516 Biſchoff Adolph von Meyntz hat Anno
1937 5502 3603 5623 1465. Heiligenſtatt / ſo es mit Biſchoff Die⸗
1938 5611 3608 5735 terichen / oder Diethero, hielte / mit Liſt einbe⸗
1961 5722 3608 5851 kommen. Johannes Bange / in der Thuͤrin⸗
1955 5837 3605 5959 giſchen Chronick / ſchreibet am 164. Blat / daß
1958 5944 3604 6070 Anno 1478. Graff Heinrich von Schwar⸗
1942 6061 3603 6183 tzenburg / fuͤr Heiligenſtatt kommen / und ſie /
687 5177 1507 5371 Gleichenſtein.
244 4726 1909 4838 Flecken Anno 1623. vom Hertzog Chriſtian
248 4836 1909 4945 von Braunſchweig / Biſchoffen zu Halber⸗
248 4947 1906 5070 ſtadt / eingeaͤſchert worden; wie der neue Mete-
253 5062 1106 5184 ranus lib. 40. berichtet.
257 5350 1908 5501 In Chur⸗Meyntziſch Schloß auff dem
261 5595 1914 5713 es im naͤchſten teutſchen Krieg Schaden gelid⸗
262 5708 1910 5821 ten. Anno 1647. haben es die Kaͤyſeriſchen
262 5818 1908 5929 wieder beſetzt / und in eil auff ein neues zu beve⸗
265 5925 1906 6038 ſtigen angefangen; darvor hernach den 9. (19.)
265 6032 1907 6175 Decembris, im beſichtigen / der Schwediſche
719 1684 1377 1846 Gerltzheim.
422 5489 1913 5605 Eichsfeld; ſoll ſehr veſt geweſen ſeyn / ehe
187 410 1872 547 die vornehmſte Landſtraß / von Caſſel auff
184 528 1858 660 Franckfurt; Dahero die Stadt Fritzlar / we⸗
189 646 1863 763 gen der Reiſenden von dieſer Bruͤcken gute
189 751 1863 879 Nutzung hat. Gegen Fritzlar uͤber / ligt auff ei⸗
194 865 1868 986 nem Berge das Kloſter und Wallfahrt Beur⸗
197 981 1872 1106 berg / dahin die Geiſtliche und andere auß der
199 1093 1867 1207 Stadt / offt Wallen gehen. Auch ſihet man
197 1199 1868 1327 umb dieſe Stadt her / vor allen andern Oertern
202 1316 1872 1432 Heſſenlands / viel hoher Warten / welche eine
208 1421 1873 1540 Anzeige der vielen dabevorigen Kriege ſeyn.
205 1541 1338 1661 Biß hieher erwehnter Bericht.
2386 1116 3145 1279 Heiligenſtatt.
402 1975 1884 2088 Wormbs und Oppenheim / auff halbem
1929 396 3607 525 General Herr Robert Douglaß / durch einen
1931 518 3605 637 Schuß verletzet worden. Im folgenden 48.
1930 632 3601 749 Jahr / den 28. Februarii, alten Calenders /
1934 743 3602 861 ward endlich dieſes Schloß / vom Schwedi⸗
1936 855 3607 975 ſchen Oberſten Preſinsky mit Accord erobert /
1935 965 3443 1089 ſo man hernach gantz hat ſchleiffen ſollen.
197 1847 1881 1992 Der Gerrensheim / am Rhein / zwiſchen
818 4311 1346 4458 Geroda.
