3870 6490
235 432 1904 550 wie auch hernach Ruͤſteburg / eingenommen;
240 547 1890 659 und am 167. Blat ſagt er / daß Anno 1525.
242 662 1896 774 Heiligenſtatt und andere Ort vom Hertzog
248 775 1916 885 Heinrichen zu Braunſchweig occupiret wor⸗
244 880 1899 995 den. In dieſem teutſchen Krieg hat dieſer Ort
246 992 1922 1109 offt herhalten muͤſſen; ward auch An. 39. von
248 1100 1925 1219 den Schwediſchen / der Mauren beraubt / und
252 1212 1928 1335 folgends im Decembri Anno 1640. von den
246 1324 1928 1442 Frantzoſen bey der Weymariſchen Armee / er⸗
250 1439 1907 1550 obert / und gantz außgepluͤndert. Es hat allda
257 1544 1921 1669 ein Jeſuiter Collegium. An. 1632. iſt Graff
258 1662 1906 1776 Georg Ludwig von Loͤwenſtein / Schwedi⸗
256 1769 1910 1889 ſcher Obriſter / und Commendant in Erfurt
261 1880 1917 2002 geweſen / und das Jahr hernach / im Anlauff
259 1992 1906 2107 vor Heiligenſtatt auff dem Eyßfeld / in den
260 2105 1904 2213 lincken Schenckel / unterhalb Wadens / nach
258 2217 1928 2339 Auſſag der Medicorum und Chirurgorum,
263 2324 1910 2441 zwar untoͤdlich / geſchoſſen worden / und hat
261 2440 1909 2552 doch / wegen zugeſchlagener Symptomatum,
263 2546 1910 2667 und Hauptfluͤſſe / nach faſt gar und wol zuge⸗
263 2654 1911 2775 heiltem Schaden / an einer ſchweren Halßge⸗
263 2761 1911 2887 ſchwulſt ſterben / und ſchier erworgen muͤſſen /
264 2884 1049 2988 wie man berichtet hat.
374 2966 1937 3093 Was nun obgedachtes Laͤndlein / ſo von
270 3090 1939 3223 theils Eichsfeld / von theils Eſchfeld / von
271 3199 1941 3327 theils Eißfeld / genannt wird / und das zwiſchen
268 3317 1942 3438 Heſſen / und Thuͤringen / an den Braunſchwei⸗
268 3430 1944 3551 giſchen Grubenhagiſchen Graͤntzen / und na⸗
268 3532 1945 3665 hend dem Hartzwald / ligt / anbelangt / ſo ver⸗
267 3639 1947 3768 meynet Nicolaus Serarius, daß es entweder
270 3749 1948 3874 von den alten Eichwaͤlden / Eichsfeldia, oder
271 3857 1948 3980 von der Kaͤlte / Eisfeldia, genannt werde. Und
272 3976 1951 4102 erzehlet er lib. 3. Rer. Mogunt. notat. 20. pag.
275 4086 1952 4212 472. ſeq. wie S. Bonifacius auff das Eichsfeld
278 4194 1954 4318 kommen ſeye / daſelbſt auff dem hohen Stuf⸗
265 4309 1955 4441 fenberg / das Goͤtzenbild / Stuffo genannt / her⸗
288 4417 1957 4544 unter geworffen / und daſelbſt ein Beth⸗haͤuß⸗
286 4530 1958 4660 lein / oder Kirchlein / zu hoͤchſt auff dem Berg /
283 4645 1960 4760 erbauet; darauß folgends Carolus Magnus,
284 4750 1961 4879 ein feine groſſe Kirch zu machen befohlen / und
286 4861 1963 4985 in dieſelbe das Creutz / welches eꝛ ſeinem Kriegs⸗
284 4974 1964 5099 volck / durch einen anſehenlichen Mann / der
288 5085 1966 5207 Heiſo geheiſſen / vortragen zu laſſen gepflegt /
287 5198 1967 5319 gethan habe / als er einen ſtattlichen Sieg wider
292 5304 1968 5432 die Sachſen / und Thuͤringer / durch Goͤttli⸗
293 5418 1969 5539 chen Beyſtand; nachdem er durch die drey
292 5527 1969 5650 Fuhrt der Werra / ſo der heutigen Stadt
296 5640 1970 5759 Treifurt / den Namen gegeben / kommen /
298 5751 1969 5871 erlangt hatte. Dann dazumal Kaͤyſer Caro-
300 5860 1972 5983 lus, Gott Danck zu ſagen / zu deß heiligen Bo-
301 5972 1974 6094 nifacii obgedachter Capell / hinauff geſtiegen
301 6082 1978 6216 ſeye / und offentlich / und klar geſagt habe: Hie
1910 433 3580 555 hat uns Gott geholffen: Und daher ſey ſelbi⸗
1911 550 3583 664 ger Berg forthin der Helffenberg / genannt
1912 661 3581 775 worden; Und geſchehen noch der zeit ſo groſſe
1913 757 3589 884 Wallfahrten hieher / auch bißweilen von Ketze⸗
1916 881 3583 993 riſchen Orten / wie er / der Jeſuit / am 473. Blat
1920 990 3586 1106 redet / daß etlich tauſend Menſchen in der Pro⸗
1920 1101 3585 1216 ceſſion / oder Umbgang / gezehlet werden. Und
1922 1214 3586 1327 ſagt er im fuͤnfften Buch / am 859. und folgen⸗
1925 1323 3592 1437 den Blat / daß dieſes gar fruchtbare Treyd⸗
1926 1432 3590 1548 land / ſo eigendlich Eichsfeld genannt werde /
1926 1540 3591 1657 der Ertzbiſchoff zu Meyntz von den Graffen
1926 1652 3593 1767 von Gleichenſtein erkaufft habe; wie die Rent⸗
1927 1763 3591 1880 oder Rechenbuͤcher in den Meyntziſchen Regi⸗
1928 1873 3594 1991 ſtraturen / außweiſen. Er ſchreibet auch am
1930 1987 3599 2097 934. 937. und 938. Blaͤttern / daß der Ertzbi⸗
1931 2097 3598 2205 ſchoff Daniel Brendel / ſo Anno 1582. geſtor⸗
1932 2205 3600 2316 ben / in dieſem Land reformirt habe / da dann all⸗
1934 2313 3604 2427 hie damahl wenig Roͤmiſch⸗Catholiſche gewe⸗
1935 2425 3598 2535 ſen / und habe er viel Moͤnch / ſo abgefallen /
1937 2535 3603 2647 auß den Pfarren / und noch mehrere Prædican⸗
1938 2645 3600 2753 ten vertrieben: Und das obgedachte Jeſuiter
1939 2744 3600 2865 Collegium, zu Heiligenſtatt angerichtet / auch
1941 2863 3604 2976 nicht einen geringen Theil vom Land / ſo ver⸗
1943 2974 3603 3085 ſetzt geweſen / und darunter die Aempter Hor⸗
1944 3085 3607 3194 perg / und Stadt⸗Wirbſen / Anno 1574. wie⸗
1945 3194 3606 3305 der geloͤßt. Johannes Bange ſchreibet in der
1947 3294 3608 3419 Thuͤringiſchen Chronick am 142. Blat / daß
1948 3416 3608 3526 umbs Jahr 1366. Hertzog Otto / Hertzog Hen⸗
1950 3525 3608 3635 richs Sohn / zu Braunſchweig / Herr zu Ein⸗
1969 3633 3609 3745 beck / ꝛc. das gedachte Eichsfeld / Duderſtatt /
1968 3743 3609 3851 Gobeldehauſen / und andere Burgke dem Bi⸗
1968 3850 3607 3965 ſchoff zu Meyntz verpfaͤndet habe. In der
1969 3963 3618 4074 Braunſchweigiſchen Chronick Henrici Bun⸗
1972 4074 3615 4187 tings / der vorigen Edition, ſtehet gleichfals:
1974 4186 3616 4301 Es habe beſagtes Eichsfeld / Hertzog Otto zu
1974 4291 3616 4409 Braunſchweig / ſo hernach Koͤnig zu Neapels
1978 4402 3619 4518 worden / dem Ertzbiſchoff von Meyntz umbs
1980 4511 3616 4629 Jahr Chriſti 1365. verkaufft: Aber in der neu⸗
1979 4625 3611 4740 en Edition ſolcher Chronick / die Anno 1620.
1985 4734 3619 4848 Henricus Meibomius, geweſter Hiſtoria-
1987 4847 3619 4956 rum Profeſſor zu Helmſtadt / herfuͤr geben /
1986 4955 3628 5072 wird deſſen nicht mehr gedacht; Darauß zu ſe⸗
1985 5074 3634 5187 hen / daß Bunting / und andere mehr / (darun⸗
1984 5178 3630 5293 ter ein geſchriebene Verzeichnuß / das 1366.
1989 5289 3622 5409 Jahr hat / in welchem beſagter Hertzog Otto /
1994 5397 3636 5514 (der nie Koͤnig zu Neapels worden / ohnange⸗
1987 5505 3620 5630 ſehen / ſich ſeine Gemahlin / die Koͤnigin Jo⸗
1991 5616 3628 5745 hanna daſelbſt / ſehr darumb bey dem Pabſt be⸗
1988 5729 3626 5848 muͤhet hat / wie gedachter Meibomius ſchrei⸗
1992 5833 3627 5958 bet / dem Ertzbiſchoff Gerlaco zu Meyntz Du⸗
1995 5952 3627 6073 derſtadt verkaufft habe) ſich hierinn geirret /
1994 6063 3632 6185 und daß ſolcher Kauff ſchon laͤngſt vorhero /
