3870 6490
202 441 1886 555 wie oben gemeldet worden / geſchehen iſt. Und
207 554 1887 662 ſchreibet Werdenhagen de Rebuspubl. Han-
209 662 1887 771 ſeaticis part. 4. c. 7. fol. 39. daß Duderſtatt /
212 767 1887 886 mit dem Schloß Gebeldehuſen / durch Ver⸗
212 880 1888 993 ſatz / Anno 1337. an das Stifft Meyntz kom⸗
209 991 1888 1103 men; darauff die Abalienirung deß gantzen
219 1093 1888 1204 Eichfelds erfolget ſeye. Er ſtimmet aber in de⸗
216 1204 1888 1325 me mit beſagtem Serario, nicht uͦberein; Weil
214 1313 1889 1433 er wil / daß Duderſtatt vorzeiten zum Hertzog⸗
217 1425 1888 1540 thumb Braunſchweig / Grubenhagiſcher Li⸗
218 1537 1886 1649 ni / gehoͤret; wie bey ihme an angezogenem
221 1642 1886 1760 Ort / weitlaͤufftiger zu leſen; der auch ſagt:
219 1748 1884 1865 Daß die Staͤdte auff dem Eichsfeld / und in⸗
223 1855 1887 1975 ſonderheit Duderſtatt / ihre Privilegia, auch
224 1964 1891 2083 nachdem ſie Meyntziſch worden / behalten;
223 2074 1891 2195 und beſagt Duderſtatt / bey dem Hanſeatiſchen
225 2183 1891 2302 Bund geblieben ſeye; und die Hertzogen von
226 2293 1892 2410 Braunſchweig dem Ertzbiſchoff zu Meyntz /
223 2400 1892 2516 das gantze Eichsfeld bißhero ſtrittig gemacht
222 2508 1892 2628 haben / ꝛc. Es findet ſich aber nicht / daß juͤngſt⸗
222 2612 1893 2738 abgewichene Zeit / da viel Ort in Teutſchland
227 2722 1893 2845 ſind ſtrittig gemacht worden / Braunſchweig
229 2828 1893 2952 mit Gerichtlichem Proceſs etwas wider
224 2931 1894 3063 Meyntz / dieſes Laͤndleins halber / ſolte geſucht /
224 3046 1894 3168 oder ſonſten / ſo viel uns zwar wiſſend / bey den
224 3150 1894 3277 Friedens⸗Tractaten deßwegen angebracht /
229 3263 1895 3388 und die reſtitution begehret haben. Obgedach⸗
220 3371 1895 3499 te Braunſchweigiſche Chronick ſagt part. 2.
230 3478 1895 3610 fol. 307. als in dem Bauren⸗Krieg Anno 1525.
223 3588 1896 3715 Hertzog Heinrich von Braunſchweig / in den
216 3695 1896 3824 heiligen Pfingſten / Duderſtatt / mit ſieben⸗
222 3804 1896 3933 hundert Pferden / und ſieben Faͤhnlein Knech⸗
226 3910 1896 4043 ten eingenommen / da hab ihm ein jeder Burgeꝛ
227 4017 1897 4151 muͤſſen ſechs Guͦlden zur Schatzung geben:
222 4119 1897 4258 Deßgleichen haben auch thun muͦſſen / die vom
204 4230 1897 4365 Lande / deren / mit den Buͦrgern / bey neunhun⸗
226 4339 1897 4472 dert geweſen ſeyn: Hertzog Heinrich hab ihnen
227 4445 1897 4580 ihr Geſchuͦtz genommen / und gen Ruͤſteberg
230 4552 1897 4687 fuͤhren laſſen: Dergleichen ſeye den Buͤrgern
229 4663 1897 4794 zu Heiligenſtatt auch begegnet. Folgends aber
214 4769 1897 4899 ſeyn ſie wieder Meyntziſch worden. Es be⸗
229 4875 1897 5016 greifft / wie einer ſchreibet / daß Eichsfeld / Du⸗
228 4984 1896 5121 derſtatt / Heiligenſtatt / Worms / Lindau:
228 5087 1896 5225 Item / die Schloͤſſer Biſchoffsſtein / Gevelde⸗
228 5193 1895 5338 hauſen / Gradernberg / Gleichenſtein / Greif⸗
226 5306 1895 5449 fenſtein / Loͤwenſtein / und Scharffenſtein / (ſo
232 5411 1880 5551 Anno 1431. abgebronnen) ſam̄t den Doͤrf⸗
234 5520 1894 5666 fern / ꝛc. Darzu ein anderer das Schloß Ro⸗
234 5627 1891 5765 ſenberg thut: Item / Ruſtenburg / oder Ruͤſten⸗
232 5736 1872 5878 berg / (ſo ſich Anno 39. an die Schwediſchen
223 5846 1870 5986 ergeben) beym Hoberg / Helberſtatt / Dengel⸗
216 5949 1870 6096 ſtatt / Ober⸗Unſtrut / Gehuͤlffenberg / und
1907 2081 3588 2217 M Necker / zwiſchen Eberbach / und Ne⸗
2405 1915 3079 2084 Hirſchhorn.
2209 5074 3275 5267 Hoͤchſt / oder Hoͤeſt.
2050 2194 3584 2336 cker⸗Steinach / oberhalb Heydelberg / ein
1911 2305 3586 2443 Staͤdtlein / ſamt einem gewaltigen Schloß /
1914 2417 3588 2550 deßgleichen im Neckerthal nicht ſeyn ſol; ſo de⸗
1914 2529 3586 2664 nen von Adel dieſes Namens vorhin gehoͤret;
1911 2638 3594 2773 nach deren Abſterben es an Chur Meyntz kom⸗
1914 2751 3577 2879 men. Hat jetzt ein Carmeliten Kloſter allda.
1916 2843 3587 2989 Der letzte dieſes uralten Adelichen Ge⸗
1920 2957 3585 3103 ſchlechts / iſt geweſen Friderich von Hirſch⸗
1919 3069 3591 3212 horn / der Chur Pfaltz Erb⸗Truchſeß / ſo in
1919 3164 3591 3319 Anno 1632. ſeines Alters im 52. Jahr verſtor⸗
1921 3284 3588 3429 ben. Jetztbeſagtes / wegen des letzten Herrn
1920 3398 3590 3539 von Hirſchhorn / iſt zwar vor dieſem alſo be⸗
1920 3508 3617 3655 richtet worden; Mag aber nur von ſeiner deß
1919 3615 3591 3761 verſtorbenen von Hirſchhorn / Lini zu verſte⸗
1920 3722 3613 3874 hen ſeyn. Dann in der Anno 1650. zu Meyntz
1914 3840 3592 3957 gedruckten Deſignatione Reſtituendorum
1916 3943 3592 4090 in 3. menſibus es alſo lautet: Die von Hirſch⸗
1915 4052 3590 4188 horn contra Stifft Wormbs / wegen des
1899 4153 3591 4309 Guts Waldthurm / und deſſen Zugehoͤr / ſo
1899 4268 3589 4405 confiſcirt / und theils Johann Philip Lieben /
1898 4373 3582 4510 theils denen P. P. Capucinis verehret worden.
1898 4482 3588 4634 Es waͤre dan / daß dieſes ein anders Geſchlecht /
1897 4593 3588 4734 als das vorige. In dem jetzigen Krieg iſt die⸗
1896 4699 3588 4851 ſes Staͤdtlein in dem Martio dieſes 75. Jahrs
1896 4807 3582 4950 von denen Chur⸗Pfaͤltziſchen eingenommen
1896 4916 2217 5014 worden.
1892 429 3663 561 Bylſtett / nahend der Weſer / gelegen / auff wel⸗
1891 552 3661 680 chem Schloß Graff Heinrich von Waldeck /
1890 659 3660 787 ſo Hertzog Friderichen von Braunſchweig / er⸗
1889 773 3659 898 wehlten Roͤmiſchen Kaͤyſer / Anno 1400. den
1888 880 3658 1009 5. Junii / zwiſchen Arnsbrunn und Fritzlar /
1887 997 3657 1120 umbbringen helffen / Chur⸗Meyntziſcher
1885 1098 3655 1228 Statthalter geweſen iſt. So ſtehet in einer
1884 1212 3654 1341 geſchriebenen Thuͤringiſchen Chronick / daß
1883 1314 3653 1449 Bramberg / ein Schloß auff dem Eißfeld / de⸗
1882 1429 3652 1560 ren von Stockhauſen Anno 1458. vom Her⸗
1881 1538 3651 1668 tzog Wilhelm zu Sachſen / und ſeinen Confoͤ⸗
1879 1647 3649 1812 derirten / erobert worden; weiln man darauß
1879 1758 2406 1885 geraubt hatte.
2048 5348 3580 5489 Meyn / und eine Meil Wegs von Franck⸗
1900 5458 3580 5606 furt. Wilhelmus Dilichius in ſeiner Heſſi⸗
1922 5568 3578 5714 ſchen Chronick am 62. Blat / ſchreibet hievon
1919 5676 3577 5809 alſo: Dißſeit deß Meyns / nicht fern von dem
1919 5784 3575 5931 Ort / da das Waſſer Nidda / in Meyn faͤllet /
1914 5894 3593 6024 iſt das luſtige Meyntziſche Staͤdtlein / und
1905 5999 3572 6152 ſchoͤnes Schloß Hoͤchſt / welches umbs Jahr
1925 5239 3581 5379 Wiſchen Meyntz / und Franckfurt am
