3870 6490
263 418 1934 553 1400. vom Ertzbiſchoff Johann / Graffen zu
264 535 1932 661 Naſſaw / erbauet / und nicht fern davon das
262 652 1928 776 Staͤdtlein Hoffheim. Brulchius, de Epiſco-
258 770 1947 896 pat. German. cap. 2. p. 17. ſchreibet: Daß
258 876 1947 1000 Kaͤyſer Carolus IV. dieſen Ort / ſo damals
256 991 1947 1118 noch ein Dorff geweſen / dem Ertzbiſchoff
254 1103 1947 1221 Adolpho von Meyntz / ſo Anno 1388. geſtor⸗
254 1217 1947 1340 ben / geſchenckt / welches der ander Biſchoff
254 1332 1946 1450 nach ihme / obgedachter Johannes, zu einer
259 1433 1946 1567 Stadt erbauet habe. In der Limpurgiſchen
255 1553 1946 1674 Chronick ſtehet / am 56. Blat / alſo: An. 1396.
255 1664 1946 1783 ward Hoͤchſt auff dem Mayn / ꝛc. ein ſaͤuber⸗
253 1775 1946 1895 lich Staͤdtlein / ꝛc. erſtiegen / und gewonnen /
224 1887 1945 2000 und zumal verbrannt. Das thaͤten die von
251 1998 1945 2115 Cronberg / ꝛc. Auch ſol man wiſſen / daß Hoͤchſt
230 2114 1945 2225 vorgenannt / umb 40. Jahr / zu einem Staͤdt⸗
250 2225 1945 2334 lein / und zu einer Freyheit begriffen iſt wor⸗
249 2333 1944 2446 den / mit Graben / Plancken / und befriedet / als
250 2445 1944 2561 ſich das erfordert. Goldaſtus in Comment.
252 2559 1943 2671 de Regn. Bohemiæ, &c. lib. 3. cap. 10. p. 341.
249 2666 1944 2780 ſchreibet / daß Albertus Argentinenſis melde /
249 2777 1944 2892 gedachter Kaͤyſer Carl / habe das Biſthumb
249 2887 1943 3002 Prag / auß Haß / gegen dem Ertzbiſchoff zu
247 2999 1943 3109 Meyntz / Heinrichen von Firnenberg / zu einem
250 3108 1943 3226 Ertzbiſthumb erhoͤcht / und ſolches / ſam̄t der
250 3218 1943 3335 Gerechtigkeit / die Koͤnig in Boͤheim zu kroͤ⸗
247 3329 1943 3448 nen / deß von Meyntz Unterthaͤnigkeit / entzo⸗
248 3446 1942 3558 gen; und nicht von dem Ertzbiſchoff Gerlaco,
245 3550 1942 3669 ſo gedachtem Henrico, ſuccedirt hat / und An.
261 3664 1942 3780 1371. geſtorben iſt / umb Gelt / das iſt / umb
248 3775 1942 3896 das Staͤdtlein Hoͤchſt am Mayn / und zuge⸗
247 3888 1942 4007 thaner Zollſtatt / erkaufft habe / wie Serarius
244 3997 1941 4115 wolle / welcher unbillicher Weiſe wider den
250 4110 1941 4228 Bruſchium, und andere / deßwegen ſich lege.
251 4224 1941 4348 Sonſten ſchreibet er Serarius lib. 5. Rer. Mo-
252 4332 1941 4458 gunt. p. 870. & 967. daß Herrn Dechants zu
252 4449 1940 4566 Franckfurt / Johannis Latomi, geſchrieben
252 4557 1940 4682 Buch von den Ertzbiſchoffen zu Meyntz / wol⸗
247 4666 1940 4786 le / daß der Name Hoͤeſt / gleichſam ſo viel / als
249 4783 1940 4901 deß Mayns / und Niddæ / der Fluͤſſe / Oſtium,
252 4900 1940 5017 oder Außgang / ſeye; darinn aber er Serarius,
251 5004 1939 5128 ihme kaum beyfallen koͤnne. Churfuͦrſt Jo-
251 5122 1918 5236 hannes von Meyntz habe Anno 1404. in die⸗
251 5225 1939 5352 ſem Staͤdtlein / das Schloß mit ſolchem Fleiß
249 5342 1939 5462 erbauet / daß er die Stein / Kalck / und derglei⸗
249 5451 1939 5577 chen / auff ſeinen Schultern zugetragen / und
253 5561 1938 5691 mit ſolchem Exempel auch ſeine Edelleut / und
252 5673 1938 5798 Freyherrn / zu dem Werck angetrieben habe:
252 5781 1938 5915 Churfuͦrſt Wolffgang Camerer von Dal⸗
210 5896 1938 6026 berg / ſo Anno 1601. geſtorben / habe folgends
210 6005 1937 6143 erſt das Schloß allhie / ſo ſtatt⸗ und herrlich
252 6116 1937 6278 außgebauet. Dieſes ſagt Serarius: Nahend
2106 3095 3645 3247 In Staͤdtlein mit Mauren umbfangen /
2084 3231 3661 3347 ligt auff einem ſehr fruchtbaren Boden /
1956 3341 3660 3460 eine Meil von gedachtem Hoͤchſt / zwo Meilen
1956 3452 3660 3570 von Franckfurt / und auch ſo viel von Meyntz.
1956 3561 3660 3681 Hat naͤchſt der Stadtmauer / zwey Schloͤß⸗
1955 3675 3660 3788 lein / mit guten Waſſergraͤben umbfangen /
1955 3785 3659 3901 darvon das eine gantz verbrannt / das andeꝛ abeꝛ
1955 3895 3659 4011 unbewohnt ſtehet. Dieſer Ort iſt vor ze⸗
1955 4005 3659 4123 hen Jahren / durch Verwahrloſung eines
1954 4115 3659 4235 Schmids / den mehrertheil abgebronnen; wie
1954 4230 3658 4344 den 22. Auguſti Anno 1643. auß Franckfurt
1954 4340 3658 4452 berichtet worden iſt. Anno 1645. nahmen die
1954 4447 3658 4595 Frantzoſen und Weymariſchen dieſen Ort
1954 4571 2108 4680 ein.
2121 6074 3619 6212 ber / daran zwar auch andere Herrſchaff⸗
1981 422 3673 582 dieſem Staͤdtlein / iſt Anno 1622. den 10. Ju⸗
1978 562 3676 691 nii / Hertzog Chriſtian von Braunſchweig /
1955 669 3680 801 vom Generaln Graffen von Tilly / geſchla⸗
1959 791 3657 909 gen / und viel ſeines Volcks im Mayn erſaufft
1972 901 3640 1023 worden. Anno 1631. den 19. und 27. No-
1954 1008 3671 1140 vembris, ward diß Hoͤchſt von dem Koͤnig auß
1974 1121 3675 1252 Schweden / durch Accord / und hernach von
1968 1233 3660 1361 beyden kriegenden Theilen / zu unterſchiedli⸗
1967 1347 3647 1469 chen malen / eingenommen / und Anno 1635.
1967 1453 3669 1580 das ſchoͤne Schloß von den Schwediſchen ab⸗
1954 1567 3657 1692 gebrannt / und die Thuͦrn und Thor geſprengt
1965 1674 3641 1801 worden. Nach der Schweden Abzug / haben
1964 1782 3659 1915 ihre Widrigen ſich darein gelegt / das Staͤdt⸗
1966 1898 3661 2021 lein fleiſſig verbauet / auch ein Ravelin uͤber
1964 2004 3662 2134 den Mayn geleget / und alſo hierdurch die
1966 2116 3660 2244 Stadt Meyntz von Franckfurt abgeſchnitten.
1963 2226 3683 2355 Anno 1644. den 5. (15.) Septembris ward
1962 2338 3657 2463 dieſer Ort von den Heſſiſch⸗Caſſeliſchen pe-
1963 2448 3652 2571 tardiret / eingenommen und beſetzt; aber den 8.
1963 2562 3656 2685 Novembris von den Baͤyeriſchen mit Accord
1963 2674 3655 2816 wieder erobert / und Anno 47. von den Frantzo⸗
1966 2780 3652 2918 ſen / auff diſcretion, denſelben entzogen.
2431 4687 3158 4859 Klingenberg.
2111 5955 3622 6111 Ine Stadt in Franckenland an der Tau⸗
2146 4853 3629 4999 M Meyn / zwiſchen Werdt ( ſo auch ent⸗
2164 4970 3617 5099 weders vor ein Staͤdtlein / oder Marckt⸗
1970 5095 3615 5217 flecken / an gedachtem Fluß / geſetzt wird / und
1968 5200 3614 5326 Miltenberg / oder Miltenburg / nahend Tren⸗
1965 5316 3615 5445 feld / Laudenbach / und Klein Heybach / gelegen /
1964 5429 3617 5549 ein gar kleines Staͤdtlein / ſo deß herrlichen
1964 5531 3611 5663 Weinwachs halber beruͤhmt: Welcher koͤſtli⸗
1960 5652 3067 5777 che Wein weit verfuͦhret wird.
2374 5762 3183 5962 Koͤnigshoven.
2484 2910 3079 3120 Hoffheim.
