3870 6490
2136 2860 3683 2974 St ein Chur⸗Meyntzisch Ober⸗Ampt /
1943 2653 3679 2875 Lohnſtein / oder Ober⸗Lonſtein.
689 783 1369 979 Koͤnigſtein.
186 410 1898 543 ten / aber Chur⸗Meyntz den meiſten Theil ha⸗
187 535 1917 668 ben ſolle; wie berichtet worden iſt. Siehe die
191 654 1587 794 Topographiam Franconiæ pag. 30.
2146 2971 3668 3096 allda die Lohn in den Rhein faͤllet / ein lu⸗
1970 3093 3665 3203 ſtiges Staͤdtlein in einer Ebene / zwiſchen
1966 3206 3665 3319 Boppart / Braubach / und Coblentz / gelegen /
1966 3315 3676 3425 ein viertel Stund darunter / ligt das Dorff
1967 3422 3663 3535 Nider⸗Lohnſtein. Der Fluß / davon dieſe
1963 3529 3663 3653 beyde Oerter den Namen / wird eigentlich Lo-
1962 3651 3664 3766 gana, und unrecht Lanus genannt / wie Frehe-
1966 3763 3659 3876 rus part. 2. Origin. Palat. cap. 5. pag. 18. er⸗
1967 3871 3667 3983 innert / ſo dieſen Ort von der Lone / Lonſtein
1970 3981 3660 4096 nennet / allda das Schloß Lancke ſeye / alſo ge⸗
1971 4091 3659 4204 nannt / daß es auff einem Eck⸗ und fuͤrreichen⸗
1974 4203 3659 4321 den Berg gelegen / und auff die beſagte Lohne /
1972 4310 3658 4423 herab ſehe. Wiewol in Auſon. Moſel. er Fre-
1970 4420 3658 4542 her. fol. 109. ſolches Staͤdtlein auch Lahn⸗
1972 4533 3657 4651 ſtein / und den Fluß Loganum, das Gaͤu aber
1973 4646 3656 4759 Pagum Loganenſem nennet / ſo vorzeiten Lo⸗
1969 4756 3657 4874 ganehe / Lohngowe / Logenehe / und Logengowe /
1972 4865 3654 4986 geheiſſen hat. Trithemius in geſtis Frideri-
1974 4978 3655 5102 ci Palatini ſagt / pag. 33. daß dieſes Lanſtein
1976 5090 3654 5199 vom Ertzbiſchoff Johanne von Trier / in dem
1967 5193 3647 5320 Krieg / den die beyde Ertzbiſchoͤffe Dieterus,
1971 5312 3651 5436 und Adolphus zu Meyntz / wider einander ge⸗
1967 5420 3649 5546 fuͤhret / zweymal vergebens belaͤgert worden
1970 5533 3650 5659 ſeye; dieweil es die Buͤrger mit gedachtem
1970 5647 3648 5769 Diethero gehalten haben. Und ſagt er am fol⸗
1965 5762 3649 5883 genden Blat / daß dieſes Lonſtein auch / auff er⸗
1965 5869 3646 5998 folgten Vergleich / ihme Diethero, blieben
1967 5979 3646 6110 ſeye / ſam̄t dem Schloß / und dem Zoll. Es
1956 6092 3646 6227 hat allhie ein Bad / ſo dem Magen / fuͤrs Blut
194 1082 1899 1210 welchem Ort Wilh. Dilichius in der Heſ⸗
195 1210 1896 1331 ſiſchen Chronick / am 63. Blat / alſo ſchreibet:
199 1319 1897 1439 Koͤnigſtein / Regi-Saxum, iſt das Haupt in
199 1434 1898 1552 der Graffſchafft Koͤnigſtein / und iſt das
201 1543 1897 1668 Schloß zimlich veſt / und auff einem hohen /
195 1652 1898 1775 und raͤumlichen Felſen / kurtz über dem Staͤdt⸗
196 1764 1901 1880 lein / erbauet / auch zu Caroli M. Zeiten / in
199 1878 1902 1994 ſolchem Stand geweſen / daß Er daſelbſt ein
203 1988 1900 2108 groſſe Verſamlung hat anſtellen koͤnnen / ꝛc.
208 2102 1905 2227 Serarius aber meldet hievon lib. 5. Rer. Mo-
191 978 1902 1154 Wo kleine Meilen von Franckfurt / von
1948 399 3665 516 Graff durch ſein Volck Koͤnigſtein beſetzt hal⸗
1945 513 3665 636 ten / ſelbiges in keines Frembden Gewalt kom⸗
1945 626 3681 741 men laſſen / und mit der Stadt Franckfurt /
1945 736 3678 856 auch naͤchſtgelegenen Kaͤyſerlichen Guarniſo-
1947 851 3683 970 nen, nachbarlich correſpondiren wolte. Hat
1945 965 3685 1083 doch hernach dieſe Graffſchafft dem Herrn
1946 1075 3675 1192 Churfuͤrſten von Meyntz wieder abtreten muͤſ⸗
1944 1191 3665 1306 ſen; wie bey dem Kemnitzio, vom Schwedi⸗
1945 1296 3664 1419 ſchen Krieg / hievon zu leſen. Die untern Ge⸗
1942 1413 3670 1534 baͤu nennen theils ein Staͤdtlein / iſt aber nur
1940 1524 3674 1641 ein ſchoͤner Fleck; in welchen die Weymari⸗
1945 1637 3665 1752 ſchen Anno 1640. naͤchtlicher weil eingefal⸗
1945 1746 3664 1871 len / und alles Vieh / mit ſtattlicher Beut / hin⸗
1947 1866 2684 1981 weg gefuͤhret haben.
152 2211 1942 2339 gunt. pag. 973. auff dieſen Schlag: Als die
153 2319 1942 2443 zween Graffen von Stolberg / ſo nach einander
153 2431 1943 2554 da regiert / ohne mannliche Erben abgangen /
154 2541 1943 2664 und das Lehen dem Kaͤyſer heimgefallen / hat
154 2649 1944 2773 er ſolches dem Ertzbiſchoff Daniel zu Meyntz
155 2766 1944 2880 uͦberlaſſen: Und hat alſo Anno 1581. im Augu⸗
155 2869 1945 2998 ſto / das Ertzſtifft Meyntz / das Schloß Koͤ⸗
156 2985 1945 3105 nigſtein / und was Kaͤyſerlich Lehen / alles zu be⸗
156 3088 1946 3219 ſitzen agefangen; in welcher Graffſchafft fol⸗
157 3204 1946 3327 gends Anno 1603. Ertzbiſchoff Johan̄⸗Adam
157 3314 1946 3434 zu reformiren angefangen / und den 3. Auguſti
158 3421 1947 3544 die erſte Meß / und Predigt / in ſeiner Gegen⸗
158 3539 1947 3649 wart / allhie halten laſſen / deß Selnecceri
158 3644 1948 3768 Sohn / ſo gar alt / und Prediger da geweſen /
159 3758 1948 3879 fortgeſchickt / auch einen Catholiſchen Schul⸗
159 3870 1949 3981 meiſter allda eingeſetzt. Anderswo finden wir /
160 3977 1949 4091 daß die vorigen Graffen zu Koͤnigſtein / deß
160 4084 1950 4208 Geſchlechts deren von Epſtein geweſen ſeyn.
161 4195 1950 4314 Der Letzte von Epſtein / Eberhard der Sieben⸗
161 4304 1951 4424 de / ſeye Anno 1505. vom Kaͤyſer Maximilia-
162 4411 1951 4531 no I. zum Graffen zu Koͤnigſtein / erklaͤret
162 4526 1952 4643 worden; folgends ſeye die Veſtung Koͤnig⸗
163 4633 1952 4749 ſtein / an die Graffen zu Stolberg / mit einem
163 4744 1953 4862 Fraͤulein kom̄en / ſo Graff Ludwig von Stol⸗
164 4855 1953 4983 berg geehelichet / aber keine Soͤhn hinterlaſſen;
164 4960 1954 5084 Daher / als Graff Chriſtoph / Graff Ludwigs
165 5073 1954 5194 Bruder / geſtorben / ſolche vom Ertzbiſchoff zu
165 5174 1955 5305 Meyntz Anno 1581. eingenommen; Aber fol⸗
166 5290 1955 5417 gends vom Koͤnig auß Schweden / den Graf⸗
166 5404 1956 5529 fen von Stolberg / reſtituirt worden / als ſelbi⸗
167 5513 1956 5640 ge Veſtung die Schwediſche Anno 1631. den
167 5628 1957 5750 24. Decembris, mit Accord erobert hatten.
168 5727 1957 5863 Im Jahr 1635. Ließ ſich Graff Heinrich
168 5804 1958 5976 Vollrat von Stollberg (als interims-Beſi⸗
169 5952 1958 6086 tzer dieſer Graffſchafft) mit dem Kaͤyſerlichen
169 6059 1959 6228 Oberſten Kehraus in Handlung ein / daß der
2071 2007 3527 2174 Krauta / oder Krautheim.
2151 2199 3666 2312 N der Jagſt / zwiſchen Meckmuͤll / und
2153 2307 3666 2424 Jagſthauſen / nahend Schoͤnthal / und
1959 2421 3667 2534 Kocherſteinfeld / zwo Meilen von Mergent⸗
1957 2538 3675 2650 heim / Schloß / und Staͤdtlein / wie wir ſinden.
