3870 6490
2130 4170 3629 4411 N Francken / zwiſchen Miltenberg / und
2460 3990 3113 4176 Procelden.
2102 630 3605 758 Igt im Odenwald; Munſterus nennet
2158 5095 3411 5275 Puchen / oder Buchen.
2121 436 3455 633 Muͤdoch / oder Meudoch.
2142 4302 3694 4417 Wertheim / am Mayn / ſo auch fuͤr ein
1954 4369 3695 4530 Meyntziſch Staͤdtlein gezehlet wird. Und be⸗
1955 4522 3696 4642 richtet Einer / daß zwey Prozelden am Mayn /
1956 4633 3696 4751 das eine ſey ein Dorff / das ander ein Staͤdt⸗
1956 4740 3697 4859 lein / hart an dem Mayn / werde zum Unter⸗
1957 4854 3698 4994 ſcheid / Stadt Prozelden genannt / und ſeye ein
1958 4964 2742 5086 geringes Staͤdtlein.
273 407 1927 520 außwerffen / und uͤbrig ſchwitzen dienet / wie
272 519 1929 632 Johann Goͤbel / in Beſchreibung der Baͤ⸗
272 631 1927 744 der / am 96. Blat zu leſen. Obgedachter Fre-
272 742 1923 861 herus in notis ad Petr. de Andlo cap. 2. pag.
275 852 1925 963 166. ſchreibet: Es ſeye allhie Kaͤyſer Wen-
275 957 1925 1072 ceslaus, von den Churfuͦrſten deß Reichs ent⸗
270 1066 1926 1187 ſetzt / und Rupertus Pfaltzgraff / und Chur⸗
271 1185 1926 1298 fuͦrſt / zum Kaͤyſer erwehlet worden. Es gibt
272 1295 1923 1407 allhie ein ſchoͤnen Proſpect / alſo / daß man in ei⸗
269 1404 1936 1518 nem Geſicht / vier Staͤdt und drey Schloͤſſer
270 1517 1924 1634 ſiehet: Als Lohnſtein / Capell / Rens / und
269 1630 688 1739 Braubach.
2526 1082 3086 1292 Noͤrthen.
441 2731 1920 2854 und Berg⸗Schloß / am Mayn / zwiſchen
259 2840 1922 2965 Klingenberg / und Procelden / nahend Amor⸗
272 2954 1927 3069 bach / und ein halbe Meil von dem Graͤfflich⸗
276 3063 1925 3181 Erbachiſchen Hauß Heybach / wie wir auffge⸗
258 3177 1924 3286 zeichneter finden. Iſt ein feine Stadt / ſo gar
258 3287 1926 3398 ein lange Vorſtadt an dem Fluß herabwerts
263 3398 1938 3513 hat. Nicolaus Serarius lib. 5. Rer. Mogunt.
280 3503 1938 3619 pag. 911. ſagt: Marggraff Albrecht von
273 3610 1939 3723 Brandenburg / hab dieſe Stadt Anno 1552.
273 3718 1939 3836 angezuͤndet. Anno 1634. nach der Noͤrdlinger
275 3828 1939 3946 Schlacht / nahme der Herr Cardinal Infant,
278 3942 1939 4056 auff der Reiß in das Niederland / den 19. Se-
277 4050 1940 4169 ptembris, das Schloß ein / und uͦbereilte allhie
253 4160 1940 4275 den Graffen Wolffgang Ernſten von Loͤwen⸗
280 4270 1940 4393 ſtein / ſam̄t ſeiner Gemahlin und Schweſtern;
259 4379 1941 4496 wie auch Graff Wolffgang Georgen von Ca⸗
258 4491 1941 4615 ſtell; ſo ſich in ſichere Gewarſam begeben wol⸗
258 4598 1941 4723 ten / und nahm ſie / nechſt vorgehender Auß⸗
276 4711 1941 4831 pluͤnderung aller Pferd und Sachen / von den
283 4824 1942 4943 Seinigen beſchehen / gefangen. Anno 1643.
262 4932 1942 5053 ſeyn Heſſiſch⸗Caſſeliſche allhie gelegen / die ſich
278 5042 1942 5163 ſonderlich auß dem Schloß gewehret / weilen
279 5150 1943 5267 aber ſie keines Entſatzes zu gewarten; haben
283 5259 1943 5378 ſie ſich den 7. Martii / auff Gnad und Un⸗
283 5369 1943 5489 gnad / ergeben muͤſſen. Anno 1646. hat der
256 5478 1943 5596 Kaͤyſerliche General Adjutant Johann Hein⸗
286 5589 1943 5706 rich Garnier nach Eroberung Aſchaffenburg /
259 5700 1926 5818 dieſe Stadt Miltenburg ohne Widerſtand /
257 5814 1933 5928 das Schloß aber im erſten Sturm erobert; als
287 5923 1922 6044 vorhero die confœderirten Voͤlcker dieſen
294 6043 1446 6179 Ort eingenommen hatten.
2076 750 3602 888 dieſen Ort eine Meyntziſche Stadt / iſt
1974 861 3606 989 aber nur ein Dorff oder Marcktflecken / wie
1971 977 2501 1079 man berichtet.
2486 1897 3202 2072 Numburg.
426 2017 1921 2129 In Chur⸗Meyntziſches Staͤdtlein / im
2127 2193 3640 2335 ſen / dabey auff einem Berge ein Schloß
1952 2311 3638 2442 gelegen / ſo auch dem Churfuͤrſten zu Meyntz
1951 2413 3636 2550 zuſtaͤndig iſt. Es fleuſſt bey dieſer Stadt ein
1949 2519 3634 2659 kleines Waſſer / die Elbe genannt / welches foͤr⸗
1947 2630 3633 2767 ters auff das Staͤdtlein Zuͤſchen / ſo denen
1946 2726 3631 2874 Meiſenbuͤgen gehörig / und endlich über Frids⸗
1944 2848 3629 2984 lar in die Eder fleuſſt. Hat ein Meyntziſch
1942 2949 3628 3093 Ampt; wie Dilich in der Heſſiſchen Chronick /
1941 3065 3626 3204 am 163. Blat / ſchreibet. Dieſes Staͤdtlein
1939 3176 3624 3310 ſol vorhin Waldeckiſch geweſen ſeyn / nun⸗
1937 3286 3623 3422 mehr iſt es zimlich verfallen; Wie dann auch
1936 3394 3621 3526 das beſagte / zwiſchen Fritzlar und dieſem Num⸗
1934 3504 3619 3627 burg / an dem Waͤſſerlein Elbe gelegenes / und
1932 3613 3618 3752 denen Meiſenbuͤgen gehöriges Staͤdtlein Zuͤ⸗
1930 3718 3616 3878 ſchen / im vergangenen teutſchen Krieg ver⸗
1928 3841 3223 3973 brant und zerſtoͤret worden iſt.
2128 5292 3598 5404 M Odenwald / nahend Thuͤren / Box⸗
841 1811 1369 1993 Lor / Lohr.
1964 1409 3669 1547 dem Eichsfeld / zwiſchen welchem und dem
1963 1514 3668 1662 Hauſe Hardenberg / das Kloſter Steine /
1962 1633 3667 1798 ſo zur Heſſiſchen Herrſchafft Pleß gehörig iſt /
1961 1743 3666 1878 unterhalb derſelben / und an der Leine liget.
2125 5383 3645 5513 berg / Witſtatt / Ober⸗Schupff / oder
1963 5510 3646 5626 Schuͤpff / und Roſenberg / gelegen / ſo beſagter
1964 5621 3646 5739 Munſterus, in ſeiner Welt⸗Beſchreibung /
1964 5729 3646 5850 ingleichem zu einer Meyntziſchen Stadt ma⸗
1964 5838 3647 5979 chet; Iſt auch eines / wie wir Nachricht haben /
1964 5954 2852 6067 aber geringes Staͤdtlein.
2113 1294 3615 1434 In Chur⸗Meyntziſches Staͤdtlein auff
2130 2078 3603 2215 St ein feines Staͤdtlein in Nieder⸗Heſ⸗
330 2443 1856 2608 Milteberg / oder Miltenberg.
440 2129 1922 2242 Franckenland / von deme in der Topogra-
275 2232 1922 2362 phia Franconiæ, pag. 32. Bericht geſchehen.
435 2621 1916 2741 On theils Miltenburg genannt / Stadt /
