3870 6490
269 1300 1938 1473 Ind Chur⸗Meyntziſche Flecken in der
285 2654 1923 2766 Ns gemein Selingen / drey Meil von
378 2357 1836 2522 Selgenſtatt / oder Seligen⸗
609 2505 1588 2627 ſtatt / Salingunſtad.
1903 412 3687 553 der heiligen Märtyrer Marcellini, und Petri,
1904 535 3687 665 von welchen auch dieſes Kloſter den Namen /
1905 652 3688 776 gelegt worden ſeyen. Brouuerus lib. 3. Antiq.
1905 762 3688 887 Fuldenſ. cap. 14. pag. 224. meldet: Daß allhie
1905 873 3689 990 auch die Gebeiner der Heiligen Proti, und
1906 989 3689 1107 Hyacinthi, mit den Reliquiis S. Hermetis,
1906 1096 3690 1219 ligen / und habe dieſer Ort vorzeiten Mülen⸗
1907 1210 3690 1330 heim / und Mülinheim / geheiſſen. Es iſt all⸗
1907 1320 3691 1439 hie Anno 1023. ein Concilium gehalten wor⸗
1908 1431 3691 1552 den. Beſiehe von dieſem Ort auch Serarium
1908 1541 3692 1666 de Rer. Mogunt. lib. 1. c. 33. pag. 138. der ihn
1909 1655 3692 1776 Selegunſtadium nennet. Beſagter Trithe-
1909 1769 3693 1887 mius aber / in Compendio Hiſtoriæ fol. 35.
1910 1880 3693 1995 & de Orig. Francor. fol. 88. Tom. 1. Oper.
1910 1983 3694 2105 Hiſt. ihn Salagaſtatt / von ſeinem erſten Er⸗
1911 2099 3694 2220 bauer / zun Zeiten Königs Clodii, nemlich / dem
1911 2212 3695 2329 obgedachten Weiſen Salagaſto, (der allhie ge⸗
1912 2320 3695 2436 ſtorben / und / nach Heydniſcher Weiſe / ver⸗
1912 2432 3696 2546 brannt worden) heiſſen thut; darauß auß Un⸗
1913 2540 3696 2656 wiſſenheit / das heutige Selgenſtatt / wie er
1913 2653 3697 2766 ſagt / entſprungen iſt. Hat in dieſem teutſchen
1914 2762 3697 2876 Krieg / viel außgeſtanden: Und iſt letztlich im
1914 2864 3698 2987 Junio / Anno 1638. von den Käyſeriſchen / den
1915 2984 3698 3103 Hanauern wieder abgenommen worden. Im
1915 3096 3699 3214 Tomo 5. Theatri Europæi ſtehet / daß Anno
1916 3206 3699 3320 1646. Seeligenſtatt von den Frantzoſen ein⸗
1916 3312 3700 3429 bekommen / die im Gewehr befundene Mann⸗
1917 3417 3700 3540 ſchafft niedergemacht / und das Städtlein in
1917 3529 3701 3653 Brand geſteckt worden ſey. In dieſem noch
1918 3646 3701 3791 währendem Krieg iſt es von den Frantzoſen
1918 3756 3564 3872 abermal zimlich mitgenommen worden.
472 2755 1926 2877 Franckfurt / und zwo von Aſchaffenburg.
291 2877 1927 2988 Es ſolle dieſes Salingoſtadium, von den Fran⸗
287 2989 1927 3097 cken / ſo man Salingos, und Salicos, genannt /
285 3094 1921 3207 ſeyn erbauet worden / wie Jacob. Schoppe-
294 3204 1923 3312 rus, in Beſchreibung Teutſchlands / fol. 179.
280 3315 1945 3428 wil. Abraham Sauer in parvo Theatro
296 3422 1946 3536 Urbium vermeynet: Daß dieſe Stadt vom
268 3536 1947 3652 Salagaſto, deme man die Leges Salicas, biß⸗
267 3649 1946 3760 weilen zuſchreiben thut / ſeye erbauet worden:
269 3759 1950 3870 Wiewol er auch meldet / daß andere ſagen / ſie
292 3864 1951 3980 den Namen von einem Käyſer habe / welcher
298 3973 1949 4088 allda ſeine Tochter / die von einem Studenten /
295 4083 1953 4199 oder von ſeiner Söhne Præceptore, hingefüh⸗
274 4192 1955 4309 ret worden / wieder gefunden / und geſprochen
278 4299 1955 4414 habe: Selig heiſſt / und iſt dieſe Stadt / da der
303 4412 1955 4528 Käyſer die Tochter wieder funden hat. Sie
281 4516 1955 4636 ligt nächſt am Mayn in einer luſtigen Ebene /
280 4631 1955 4740 und hat ein Benedictiner Kloſter / welches
287 4738 1936 4852 Käyſer Carl deß Groſſen Secretarius, Cantz⸗
282 4848 1935 4967 ler / und Tochtermann / der Eginhardus, auß
302 4952 1936 5073 den Landgütern / Ober⸗ und Unter⸗Mülen⸗
303 5065 1954 5186 heim / an dem Geſtad deß Mayns / in dem
301 5178 1954 5294 Moynecgowe, oder Mayngöw / erbauet hat /
297 5283 1954 5410 und deſſen Kloſters / oder Collegii, erſter Abbt
284 5399 1954 5523 Er ſelbſten geweſen iſt; wie Freherus part. 2.
287 5510 1953 5633 Origin. Palat. cap. 6. pag. 22. ſchreibet; da⸗
294 5625 1953 5739 von auch zum theil Trithemius in Chron.
306 5728 1953 5858 Hirſaug. fol. 10. in Anno 838. zu leſen; allda
296 5841 1953 5965 er gleichwol ſagt: Daß Käyſer Ludovicus
307 5950 1952 6077 Pius, mit Zuthun beſagten Einhardi, (oder
305 6058 1952 6200 Eginhardi) es geſtifftet / und dahin die Leiber
521 464 1603 638 Rheinegg / Rhineck.
1976 4087 3625 4203 Uch ein Städtlein / ſamt einem feinen /
2470 3903 3129 4062 Steinheim.
254 655 1902 799 In Chur⸗Meyntziſches Städtlein / ſamt
348 1031 1829 1198 Rockenburg / und Oppers⸗
917 1185 1240 1303 hoffen.
2130 4206 3623 4313 und etwas in der Höhe / beym Mayn / und
1978 4302 3626 4426 ein Meil Wegs von obgedachtem Selgen⸗
1983 4420 3623 4530 ſtatt ligendem Schloß; ſo Conradus III.
1984 4528 3625 4651 Ertzbiſchoff zu Meyntz; der Anno 1434. ge⸗
1988 4640 3624 4761 ſtorben / im Jahr 1424. mit 14. Dörffern /
1983 4751 3622 4869 vielen Waſſer⸗ und Holtzgerechtigkeiten / von
1985 4857 3617 4990 den Freyherrn von Eppenſtein erkaufft hat;
1981 4969 3614 5102 wie Bruſchius de Epilcop. German. pag. 17.
1986 5080 3615 5211 b. und Serarius lib. 5. Rer. Mogunt. p. 967.
1987 5192 3619 5314 ſchreiben; welcher letzte darzu thut / daß Ertzbi⸗
1979 5303 3613 5433 ſchoff Wolffgang etwas am Schloß allhie ge⸗
1978 5418 3618 5544 bauet habe / der Anno 1061. geſtorben iſt. Es
1976 5529 3614 5645 haben ſich allhie Anno 1631. im November
1980 5641 3613 5761 800. Käyſeriſch⸗ und Meyntziſche Soldaten /
1975 5752 3614 5878 wider den König auß Schweden / gewehret /
1971 5868 3614 5990 denen er doch endlich einen freyen Abzug ver⸗
1975 5974 3614 6101 ſtattet. Hergegen haben ſich Anno 1635. im
1970 6084 3624 6215 Septembri, die Schwediſchen allda auff
412 766 1931 888 Zugehör im Franckenland; Davon in
260 887 1657 1001 der Topographia Franconiæ pag. 45.
466 1435 1911 1555 Wetterau / allda Anno 1645. die Wey⸗
268 1555 1916 1662 mariſchen eingefallen; obwoln ſolche / wie
269 1657 1912 1776 auch die Kellerey Cronßberg mit Heſſiſchen
275 1774 1913 1890 Salvaguardien verſehen geweſen. Und haben
276 1882 1915 1994 die beſagten Weymariſchen Rockenburg / ſamt
285 1986 1924 2106 dem daran gelegenen Nonnen⸗Cloſter / auß⸗
284 2102 1918 2221 geplündert / und auch ſonſt übel da gehauſet:
276 2213 1698 2332 wie in Tomo 5. Theatri Europ. ſtehet.
