3870 6490
2595 2148 2852 2290 Urb.
404 1646 1886 1853 N Francken / an Fluß Enter / zwiſchen
1931 455 3595 576 von haben wir keine Nachrichtung / ligt an ei⸗
1930 571 3572 679 nem unbekandten Waſſer / nahend dem Fluß
1929 679 3569 786 Lauter / den Orten Lautereck / Offenbach /
1930 788 3578 907 Grunberg / und Liechtenberg / als in den Land⸗
1929 902 3568 1016 Taffeln zu ſehen. Sonſten ſchreibt Bogis-
1928 1011 3566 1128 laus Philippus von Kemnitz im 1. Theil vom
1929 1121 3569 1234 Schwediſchen in Teutſchland geführten
1927 1227 3587 1343 Krieg lib. 4. ſol. 342. daß Nieder⸗Ulm ein
1929 1335 3590 1455 Marcktfleck / anderthalb Meilen von Meyntz /
1926 1445 3568 1568 gegen Altzheim oder Altzey zu / mit einer Mau⸗
1929 1560 3568 1675 er umbgeben ſey / allda die Schwediſch⸗Rhein⸗
1932 1670 3569 1788 gräffiſchen Anno 1632. gelegen wären / und
1935 1777 3586 1898 die Spaniſchen geſchlagen hätten. Es iſt noch
1933 1887 3575 2005 ein anderes Ulmen / in dem Trieriſchen Land /
1933 2006 2898 2140 bey Käyſers⸗Eſch gelegen.
247 3324 1899 3467 In Nonnen⸗Kloſter auff dem Eichsfeld /
2119 2434 3582 2552 lein / am Speſſart / nahend Büdingen
1919 2547 3593 2670 und Oberndorff / allwo es ein feines Saltz⸗
1919 2667 2653 2791 werck und Sod hat.
723 3132 1453 3323 Toſtienburg.
1940 2305 3589 2445 St ein kleines Chur⸗Meyntziſch Städt⸗
840 3985 1311 4181 Trefurt.
1949 2948 3588 3097 N der Graffſchafft Königſtein / wie Dili-
253 4752 1901 4958 Ieſer Ort wird vom Trithemio de Ge-
2140 2791 3363 2957 Urſel / oder Ober⸗Urſel.
411 3424 1893 3556 (welches Ländlein Chur⸗Meyntz gehö⸗
246 3545 1895 3673 rig) gelegen; wie Romanus Hay, in Horto
257 3654 1897 3780 Cruſiano p. 270. und ſein Widerſacher Jo-
252 3770 1913 3896 annes Cruſius tom. 2. tract. 2. Commento-
251 3884 1289 4006 rum Hayanorum berichten.
2123 3089 3662 3200 chius in der Heſſiſchen Chronick ſagt /
1948 3191 3665 3320 bey drey Stunden gehens von Franckfurt / all⸗
1946 3300 3667 3425 da es vor Jahren ein gute Buchdruckerey ge⸗
1944 3410 3669 3542 habt hat. Es iſt dieſes Städtlein Anno 1622.
1946 3519 3671 3635 von den Braunſchweigiſchen in Brand ge⸗
1949 3622 3673 3758 ſteckt worden. Carve, im 2. Theil ſeines Reiß⸗
1948 3730 3675 3866 büchlins meldet: Daß Urſel Anno 1640. von
1947 3840 3677 3969 den Weymariſchen erobert; aber von den
1948 3949 3679 4081 Meyntziſchen wieder erſtiegen worden; bey
1948 4059 3682 4193 welchem Einfall ſich die Weymariſche in die
1947 4168 3684 4288 Ober⸗Stadt (oder Burgk) ſalvirt / doch auch
1946 4283 3686 4412 auff Gnad undUngnad ergeben; die man nach
1933 4386 3688 4528 Höchſt gefangen geführet. Die Meyntziſche
1932 4495 3690 4642 bekamen gute Beuten / und viel Pferd. In dem
1932 4604 3692 4741 tom. 4. Theatri Europæi f. 221. a. ſtehet hie⸗
1953 4696 3695 4843 von alſo: Die in Ober⸗Urſel aber von fünff
1933 4825 3697 4971 Compagnien Reutern / und Dragonern / wa⸗
1932 4928 3699 5076 ren gar zu ſicher / und hielten keine Wacht / wol⸗
1932 5038 3701 5167 te auch kein Warnen bey ihnen helffen: Dar⸗
1932 5143 3703 5280 umb der Käyſeriſche Obriſt Wolff / umb den
1932 5249 3705 5388 22. Julii kam / ſie auß dem Schlaff zu wecken /
1932 5356 3707 5506 der das Städtlein deß Morgens früh umb
1932 5470 3709 5615 drey Uhr petardiret / und an vier Orten anfal⸗
1932 5579 3711 5724 len thäte / der erſten zehen tod machte / die an⸗
1932 5685 3713 5813 dern alle von ungefähr dreyhundert / unter de⸗
1956 5789 3716 5926 nen bey zwey und zwantzig Officirer geweſen /
1955 5899 3718 6036 mit Haab und Gut gefangen genommen / die
1952 6008 3720 6156 gemeine Reuter untergeſtellet / und die Offici⸗
232 4163 1936 4406 N welcher Stadt Chur⸗Meyntz auch
416 4302 1902 4441 theil hat; iſt in der Topographia Haſſiæ,
265 4446 702 4536 einkommen.
590 4564 1581 4722 Ulm / oder Ulmen.
459 4850 1907 4980 ſtis Friderici Palatini, ein Städtlein und
264 4959 1907 5111 Schloß genennet / welches Chur⸗Fürſt Frie⸗
268 5078 1908 5210 derich der Sieghaffte / Anno 1471. belägert
269 5180 1909 5322 habe / weil es ſeinem feindlichen Vettern /
269 5294 1907 5431 Pfaltzgraff Ludwigen zu Zweybrücken / von
272 5403 1909 5536 dem Ertzſtifft Meyntz verſetzt geweſen. Es
277 5505 1908 5639 ward aber durch Unterhandlung deß Dom⸗
277 5619 1920 5758 Capituls zu Meyntz ſolche Belägerung / auff
280 5730 1912 5871 gewiſſe condition, ſo er Trith. am 47. Blat
281 5842 1911 5978 ſetzet / wieder auffgehoben / und Städtlein und
284 5946 1911 6088 Schloß dem Stifft reſtituirt. Wie es aber
277 6059 1911 6200 ſonſten mit ſolchem Ort der Zeit bewandt / da⸗
228 1481 1879 1676 Thüren / oder Wald⸗Thürn.
150 433 1909 592 Gnad und Ungnad ergeben müſſen. Anno
152 569 1910 698 1646. haben die Schwediſchen dieſes Stein⸗
153 680 1911 808 heim / woſelbſten der Käyſeriſchen Proviant⸗
154 789 1912 917 Hauß war / mit Gewalt erobert / in 300. Fuder
155 902 1913 1033 Weins / 6000. Säcke Frücht / und anders
156 1013 1913 1143 darinn gefunden / und den Ort den Frantzoſen
157 1126 1914 1257 überlaſſen; deren Befelchshaber aber / der de l'
157 1238 1915 1365 Eſpine, ſolchen hernach den 26. Septembris,
159 1347 1917 1483 den Käyſeriſchen mit Accord auffgegeben hat.
416 1792 1887 1924 Amorbach / und Puchen / oder Buchen /
227 1907 1888 2034 im Odenwald / gegen Königshofen / und Box⸗
231 2019 1883 2139 berg / gelegen / ein Städtlein / das von theils
234 2131 1882 2249 Düren geſchrieben wird. Nicolaus Serarius
230 2230 1880 2359 ib. 5. Rer. Mogunt. pag. 869. nennets Wald-
235 2348 1885 2467 turam, und ſagt: Daß vorhin dieſe Stadt / in
231 2454 1888 2576 Franckenland gelegen / Würtzburger Biſt⸗
231 2559 1888 2688 humbs geweſen / jetzt unter das Ertzſtifft
236 2669 1889 2799 Meyntz gehörig / und daſelbſt Jährlich ein
238 2787 1890 2909 groſſer Zulauff vom Volck / wegen eines
240 2893 1891 3011 Wunderwercks / ſo ſich allda umbs Jahr 1408.
239 3007 1555 3133 begeben / und er beſchreiben thut / ſeye.
