3870 6490
264 419 1912 569 rer noch darzu auff Rantzion geſetzt; welchen
264 554 1914 681 groben Fehler / ihnen männiglich vor unver⸗
259 666 1911 785 antwortlich angezogen / von denen allen noch
258 780 1911 890 etliche wenige nach Friedberg entrunnen. Her⸗
260 889 1910 1003 gegen gibt die Urſach deß Weymariſchen Un⸗
261 998 1910 1122 falls zu Urſel gedachter Irrländer Carve, am
268 1107 1911 1232 347. Blat / da er dieſe Niederlag weitläufftig
264 1221 1908 1344 beſchreibet / deme / weil die Weymariſche mit
265 1330 1905 1457 den Kirchengütern / ſo übel da gehauſet haben.
265 1442 1903 1566 Wie er dann am 348. Blat / diß Exempel er⸗
257 1557 1903 1676 zehlet; als ein Schwediſcher Soldat / bey
258 1663 1902 1787 Außplünderung der Kirchen / einen geweyhe⸗
259 1774 1901 1892 ten Kelch überkommen / und in denſelben / mit
262 1885 1899 2009 Ehren zu reden / ſeine Notturfft / mit gottslä⸗
263 1997 1898 2122 ſterlichen Worten / gethan / daß er von Gott
257 2109 1897 2231 geſtrafft worden ſeye / indeme als er auß der
254 2217 1902 2342 Kirchen gehen / und die Treppen hinunter ſtei⸗
247 2337 1905 2452 gen wollen / er unverſehens darnieder gefallen /
247 2443 1903 2563 und mit ſeinem Meſſer / welches er bey ſich in
247 2550 1898 2675 den Kleydern getragen / ſich ſchwerlich ver⸗
251 2667 1898 2780 wundet; ſo nicht geheilet werden können / ſon⸗
249 2774 1900 2881 dern er im Geſtanck von Eiter / und Wür⸗
243 2886 1902 3005 men / habe ſterben müſſen. Anno 1645. im
242 2982 1901 3113 Monat Majo, als die Heſſiſche / Königsmar⸗
245 3099 1902 3224 ckiſche und geſchlagene Weymariſche Armee /
248 3209 1900 3341 unter General de Touraine ſich in Heſſen
246 3324 1896 3451 conjungirt / und herauß in die Wetterau gan⸗
247 3437 1894 3563 gen / haben ſie auch die übrige in Meyntz ge⸗
242 3544 1891 3670 legene Frantzöſiſche Völcker / zu Roß und
244 3649 1891 3786 Fuß an ſich gezogen / welche auff den Tag
243 3763 1893 3904 Corporis Chriſti, dieſe Stadt Urſel (worauß
1937 449 3631 581 vorhero alles Volck ſich in andere Oerter ſal⸗
1937 558 3627 697 virt) in Brand geſteckt: Alſo / daß ſie gantz /
1937 668 3632 802 ſamt der ſchönen Kirchen / eingeäſchert wor⸗
1936 782 3630 916 den / und nur zwey / oder drey Häuſer / darinn
1936 890 3650 1042 ſtehen blieben / darinn nicht allein aller Hauß⸗
1959 1013 3630 1149 raht und Frucht / ſondern auch viel Viehe / und
1960 1125 3629 1268 ein kranckes Bethlägerige Weib / ſo nicht hat
1959 1241 3624 1364 entweichen können / jämmerlich verdorben.
1957 1347 3627 1490 Welches Jammers vielleicht eine Urſach ge⸗
1956 1462 3626 1603 weſen / daß Ihr / der Fratzoſen Beſchieſſen
1953 1568 3629 1718 vorher den 23. und 24. Januarii unfruchtbar⸗
1953 1680 3625 1832 lich abgegangen / und Sie noch darzu den 25.
1948 1800 3622 1942 dieſes / heßlich darvor eingebüſſet haben. In
1944 1907 3623 2059 dieſem jetzigen Krieg hat es auch einige Noth
1944 2023 3621 2163 gelidten / dann nachdeme ſich die Käyſerliche /
1943 2126 3623 2277 ſo ſich im vergangenen 74. Jahr auß der Pfaltz
1948 2238 3621 2389 retiriret / zwiſchen Franckfurt und Höchſt den
1953 2351 3621 2500 27. Junii wieder geſetzet / kam den 30. dieſes ei⸗
1948 2461 3621 2607 ne ſtarcke Parthey vor das Städtlein / und
1946 2579 3622 2716 weil ſie daſelbſt einigen Widerſtand gefunden /
1948 2692 3616 2821 haben ſie 3. Häuſſer in der Vorſtadt in Brand
1949 2803 3613 2948 geſteckt / und ſind beyderſeits etliche Bürger
1946 2912 3614 3063 und Soldaten erleget worden. Es hat allhie
1949 3023 3619 3159 ein Waſſer / insgemein / die Bach genannt /
1951 3130 3617 3278 daran Mahl⸗ und Papier⸗Mühlen / Kupffer⸗
1948 3243 3614 3392 hämmer / Lohſtampff / und Walckmühlen. In
1948 3354 3615 3487 obgedachter Burgk / hat gewohnet / einer vom
1947 3462 3607 3613 Adel / deß Geſchlechts der Zorn / ſo ihme eigen⸗
1996 3579 3548 3728 thumlich gehört. Iſt kein rechtes Schloß.
1995 3689 3471 3832 Es wird die Stadt Urſel von Königs⸗
2481 3807 3069 3930 ſtein auß regiert.
