3870 6490
1941 1429 3575 1558 reichet / deß Martis, und die vom Niedergang
1919 1547 3567 1665 Apollinis⸗Berg / und der daran unten ligen⸗
1919 1649 3562 1775 de Flecken / auch noch vom Apolline genannt.
1938 1763 3568 1881 Und iſt kein Zweiffel / es ſeye die Ebne / ſo unter
1936 1875 3573 1998 dem beſagten Martis- Berg ligt / und zu wel⸗
1936 1985 3635 2109 cher man durch die Martis, jetzt Simeons / ins
1936 2094 3569 2218 gemein Simeres⸗Pfort gehet / Campus Mar-
1941 2215 3568 2321 tis vorzeiten genannt worden. Dann nicht
1936 2311 3569 2437 allein Tacitus dieſer Stadt offt gedencket; ſon⸗
1935 2420 3569 2547 dern ſie iſt auch / wegen ihres Anſehens / Ge⸗
1934 2534 3572 2653 walts / und daß ſie zun Zeiten Käyſers Con-
1938 2646 3574 2764 ſtantii, die gröſte Stadt diſſeits der Alpen ge⸗
1936 2757 3571 2872 weſen / das andere Rom / allerhand Römiſchen
1936 2858 3573 2980 Gebäuen / und Sachen / halber / und ein anſe⸗
1937 2971 3564 3094 henliche der Käyſer / ſo ſich offt allhie auffge⸗
1938 3087 3572 3198 halten haben / Wohnung / von Marcellino,
1935 3206 3576 3315 genannt worden; allda ein herrliche Schul ge⸗
1937 3305 3574 3424 weſen: Folgends auch ſich die Frantzöſiſche
1936 3414 3573 3534 Könige gern befunden haben. Und ſeyn / ne⸗
1934 3526 3571 3642 ben beſagter Simeres⸗Pfort / und Kirchen /
1940 3632 3577 3757 auch ſonſten noch etliche alte Sachen allhie zu
1947 3745 3612 3858 ſehen / als die Alde⸗Pfort / vorzeiten Porta Al-
1949 3858 3578 3978 ba genannt; da die alte Burg / vor Jahren
1950 3969 3581 4084 Arx Alba geheiſſen / geſtanden; die herrliche
1943 4075 3580 4200 Brück über die Moſel / mit ſehr alten Pfeilern /
1944 4190 3579 4303 und Seulen: Item / zween hohe Thürn / neben
1949 4292 3587 4417 S. Barbara wunderlichen Baues; ein Theil
1948 4408 3581 4528 von dem Amphitheatro vor der Alde⸗Pfort /
1955 4525 3583 4634 ſo man insgemein Catholdi Solium, und
1936 4623 3588 4748 Keiskeller nennet / da ſehr groſſes alt zerfallenes
1936 4729 3589 4861 Gemäuer / welches / wie ein Berg / die Gebäu
1936 4851 3585 4971 darunter bedecket: Item / die Pfaltz / oder Paltz /
1937 4962 3584 5078 das iſt deß Churfürſten Pallaſt (ſo vorzeiten
1950 5078 3585 5190 der Pfaltzgrafen Sitz geweſen) in der Stadt /
1950 5189 3581 5298 und die gröſte Kirch / da vorzeiten S. Helenæ
1939 5302 3583 5414 Hauß geſtanden; und andere ſehr alte überblie⸗
1955 5414 3585 5524 bene Sachen mehr; ſo nach der letzten / durch
1940 5521 3587 5641 die Nordmannen / erlidtenen Niederlag / noch
1941 5634 3586 5755 ſtehen: Und von denſelben auch deß Freheri
1941 5743 3585 5854 notæ in Auſonii Moſellam, in addendis, zu
1943 5859 3583 5974 leſen ſeyn. Dann / ob ſie wol hernach nicht
1943 5968 3584 6090 mehr ſo anſehnlich geweſen / als zuvor / da ihr
1943 6082 3584 6206 fünff vornehme Städte am Rheinſtrom / mit
953 1418 1941 1557 S wird dieſe weit⸗
950 1550 1942 1664 berühmte Stadt Latei⸗
948 1663 1943 1771 niſch Treverorum civi-
950 1766 1945 1882 tas, Treveri, Treveris, &
955 1882 1946 1997 Auguſta Treverorum ge⸗
948 1991 1947 2101 nannt / ſo man unter allen
949 2101 1948 2212 Städten in der gantzen
84 2173 1949 2329 Welt / für die älteſte hält / die vor Rom 1250.
85 2319 1951 2456 Jahr geſtanden / und ihren Anfang im ſechtze⸗
87 2428 1952 2555 henden Jahr deß Alters Abrahami, und ſie⸗
88 2536 1953 2661 benden der Königin Semiramidis, nach Er⸗
89 2650 1954 2778 ſchaffung der Welt 1966. und nach der Sünd⸗
90 2760 1955 2889 flut / 310. von dem Tod Noæ 39. genommen
91 2871 1957 3003 haben ſolle; wiewol auff ſolche alte Sachen
93 2984 1958 3104 nicht allwegen gewiß zu gehen iſt. Wilhelmus
94 3094 1959 3218 Kyriander, dieſer Stadt weyland Syndicus,
95 3202 1960 3341 hat von beſagtem Jahr 1966. biß auff ſeine
96 3314 1961 3450 Zeit / die Hiſtorien ſolcher Stadt beſchrieben /
98 3422 1963 3562 ſo Anfangs zu Zweybrücken gedruckt / fol⸗
99 3534 1964 3663 gends Anno 1619. wieder nachgedruckt wor⸗
100 3641 1965 3778 den ſeyn; welcher dann zu ſeinem Beweiß nicht
101 3757 1966 3891 allein die Trieriſchen Scribenten; ſondern
102 3868 1967 4001 auch den Abbt von Urſperg: Item / Sigeber-
104 3979 1969 4098 tum, Gotfridum Viterbienſem, Othonem
105 4090 1970 4222 Friſingenſem, Æneam Sylvium, Naucle-
106 4201 1971 4332 rum, Albertum Crantzium, Munſterum,
107 4308 1972 4437 und Andream Althamerum, welche alle wol⸗
108 4423 1974 4557 len / daß Trebeta, deß Nini Sohn / und beſag⸗
110 4537 1975 4660 ter Semiramidis Stieff⸗Sohn / ſo von ihr /
111 4645 1976 4777 der Stieffmutter / und auß ſeinem Väterli⸗
112 4755 1977 4884 chen Königreich Babylonien geflohen / dieſel⸗
113 4860 1978 4997 be Anfangs erbauet habe: Von welchem Al⸗
114 4982 1980 5107 ter auch etwas in Topographia Helvetiæ,
116 5093 1981 5220 bey Solothurn / geſagt worden iſt. Sie war
117 5203 1982 5333 vorzeiten gar groß; heutiges Tags aber / iſt ſie
118 5314 1983 5438 enger eingezogen / dardurch das Wäſſerlein
119 5423 1984 5550 Olevia, die Weberbach / mitten rinnet: Und
120 5538 1986 5666 hat gleichwol mehr Kirchen / wie man darfür
122 5650 1987 5776 hält / als ein einige andere Stadt Teutſch⸗
123 5763 1988 5889 lands / ſo ihrer Gröſſe iſt. Sie ligt ſchön an
124 5875 1989 5998 der Moſel / zwiſchen zween Bergen / als zwo
125 5984 1991 6128 Warten / oder Lug ins Land; und wird die
127 6097 1992 6257 Höhe / ſo von Auffgang der Sonnen herein
1537 992 2380 1293 Trier.
