3870 6490
1841 403 3553 548 ter ſeyn / und ihre Domherrn haben: Wie auch
1843 530 3539 650 4. die fünff Pfarrkirchen / als zu S. Lorentzen /
1845 639 3538 763 Gangolph / Paul / Anthonio / und Gervaſio.
1847 753 3546 882 Ferners iſt da 5. S. Martini Abbtey (darinn
1851 869 3546 984 ein ſehr alte Bibliotheck / und unter andern
1854 976 3550 1099 Büchern auch S. Martini Leben geſchrieben
1857 1089 3550 1209 zu finden ſeyn ſolle.) Item / 6. der vier Bet⸗
1859 1200 3552 1317 tel⸗Ordens⸗Klöſter / oder Convent / nemlich
1862 1313 3558 1426 der Prediger / Minoriten / Auguſtiner / und
1865 1426 3548 1534 Carmeliten: Und 7. ein Jeſuiter⸗Collegium;
1893 1534 3556 1652 da vorhin die Franciſcaner / gewohnt; ſo ſich
1873 1644 3549 1761 aber / als ſie den Jeſuiten gewichen ſeyn / in S.
1874 1759 3568 1871 Germans Kloſter geſetzt haben. Uber ermeld⸗
1876 1867 3560 1981 te Kirchen / und Klöſter / iſt auch da 8. ein groſ⸗
1878 1981 3562 2090 ſes Teutſches Hauß. 9. Ein Johanniter⸗
1882 2091 3565 2198 Hauß / ſo auch nicht klein; bey welchen beyden
1885 2201 3566 2314 Häuſern Kirchen ſeyn. Und dann iſt 10. der
1887 2312 3571 2422 Fratrum lgnorantium Convent / welche von
1890 2419 3573 2533 dem Ort / da ſie wohnen / genannt worden. So
1894 2532 3570 2643 ſeyn 11. auch in der Stadt etliche Nonnen⸗
1895 2636 3576 2757 Klöſter / als das gar ſtattliche / ſo man im Hor-
1898 2754 3570 2864 reo, die Oehre / Ohere (da vorhin ein Römi⸗
1901 2854 3578 2977 ſche Kornſcheuer / oder Speicher / wie ein Pa⸗
1904 2968 3582 3087 laſt / geſtanden / darauß König Dagobertus
1907 3078 3601 3194 ein Kloſter gemacht / und demſeben ſeine Toch⸗
1909 3186 3584 3305 ter Irminam für geſetzt hat / als Freherus not.
1912 3298 3586 3412 in Auſon. MoſeI. fol. 104. ſchreibet) nennet:
1915 3395 3589 3526 Item / zu S. Agnes / S. Catharina; der
1936 3519 3593 3636 Reuerin; und noch drey andere Convent / oder
1937 3633 3599 3746 Samblungen der grauen Schweſtern / und
1938 3738 3590 3856 der Nonnen deß Hoſpitals S. Johannis. 12.
1939 3850 3595 3969 Auſſer der Stadt / aber gar nahend darbey /
1943 3964 3593 4078 ſeyn die drey fürnehme Abbteyen / S. Maximi-
1942 4075 3592 4186 ni, S. Matthiæ, und der H. Mariæ zu den
1929 4181 3594 4302 Märtyrern / da vorzeiten das Capitolium ge⸗
1929 4295 3643 4413 ſtanden; Item / 13. die gar groſſe Carthauſen;
1928 4401 3592 4518 Und 14. die anſehenliche Stiffts⸗Kirchen S.
1928 4511 3599 4633 Paulini; Und darüber 15. die Nonnen⸗Klöſter
1929 4622 3598 4737 zu S. Medardo; Lewenbruck; und S. Barba⸗
1928 4735 3600 4858 ra / ſo aber jetzt auch die Jeſuiten innen haben.
1927 4834 3603 4967 Und ligt S. Symphorians⸗Kirch / und wey⸗
1927 4958 3602 5078 land ein Jungfrauen Wohnung / jetzt öde.
1928 5059 3601 5189 Aber hergegen ſeyn 16. zu nächſt bey der
1927 5178 3606 5300 Stadt noch vier Pſarrkirchen / nemlich / S.
1959 5289 3601 5405 Johann / neben S. Barbara; S. Michaëlis,
1963 5405 3600 5523 in den Mauren der Abbtey S. Maximini; S.
1963 5516 3613 5634 Medardi, nahend S. Matthiæ Kloſter / und
1961 5626 3605 5745 S. Walpurgs / neben S. Paulini Stifft. Und
1963 5742 3609 5859 dieſes ſchreibet beſagter Kyriander von ſeiner
1961 5843 3610 5965 Zeit. Gedachtes S. Maximini Kloſter / ſo
1963 5961 3605 6091 ſehr berühmt / und reich / hat Käyſer Conſtan-
1964 6078 3607 6189 tinus Magnus, und ſeine Mutter Helena, ge⸗
194 442 1823 572 vielem Lande / unterwürffig waren; wie hie⸗
197 556 1825 704 von / wie ſie zugenommen / und vor Alters re⸗
203 662 1827 814 giert worden: Item / was bey der Römer Re⸗
204 771 1829 920 gierung / von C. Juliii Cæſaris Zeiten an / biß
200 888 1833 1025 auff den Tod Käyſers Conſtantini M. da
138 998 1851 1131 vorgangen: Item / von ihrer / und der alten
211 1099 1851 1234 Gallier Religion / neben vielen andern / auch
211 1222 1832 1349 Dionyſius Strator, Jacobus de Guila, und
174 1324 1834 1455 Lucius Tungrenſis, geſchrieben haben: So
216 1433 1862 1577 iſt ſie doch noch berühmt / und jederzeit wol be⸗
215 1541 1863 1681 wohnt geblieben. Dann das Land herumb
220 1648 1866 1790 gut iſt / auch Weinwachs / die gedachte Moſel /
224 1774 1843 1896 oder Muſel / und die Levibach (ſo Freherus in
156 1880 1849 1990 notis in Auſon. Moſellam, fol. 24. die Weber⸗
232 1989 1853 2112 bach / von den Webern / ſo / neben den Wüll⸗
231 2099 1853 2220 Arbeitern / allhie in zimlicher Menge ſeyn /
235 2207 1858 2340 auch ihr Collegium haben / nennet) hat. Käy⸗
237 2323 1863 2443 ſer Ludwig der Vierdte hat ernſtlich verboten /
230 2431 1869 2549 unter einer Meil Wegs von den Orten der
140 2538 1869 2662 Trieriſchen Kirch / Schlöſſer / Veſtungen
244 2647 1871 2769 oder Schantzen / ohne Einwilligung deß
242 2757 1874 2881 Churfürſtens / auffzurichten / wie in der Trie⸗
247 2866 1882 2988 riſchen Chronick ſtehet. Zun Zeiten Käyſers
250 2974 1885 3092 Wenceslai iſt an Beveſtigung der Stadt
259 3081 1882 3203 ſtarck gearbeitet / und unter anderm der groſſe /
257 3197 1888 3306 und viereckichte Thurn bey beſagter Simeonis
261 3302 1889 3427 Pfort / als ein herrliche Bruſtwehr auffgefüh⸗
261 3406 1889 3534 ret worden. Und iſt ſonſten die Stadt / ſo faſt
258 3526 1910 3628 ins Gevierdte / auff einem ebenen Lager / erbau⸗
216 3633 1913 3748 et (auſſer bey der Moſel / da ſie ſich ein wenig
218 3738 1916 3877 erſtreckt) allenthalben mit einer groſſen Mau⸗
218 3863 766 3970 er umbgeben.
281 3934 1921 4073 Von Kirchen ſeyn allhie. 1. S. Peters /
274 4071 1924 4185 oder die Ertzbiſchöffliche Haupt⸗Kirch / ſo
275 4183 1926 4293 auff einem Hügel / der allein in der Stadt / gele⸗
274 4291 1929 4403 gen iſt. Ein gewaltiges ſtarckes Werck / der⸗
283 4400 1932 4513 gleichen in Gallia Belgica, nicht ſolle zu finden
278 4512 1934 4629 ſeyn / wie ſolches Ortelius in ſeinem Itinera-
281 4614 1937 4734 rio Gallo-Brabantino pag. 324. ſeq. beſchrei⸗
280 4730 1937 4844 bet / und ſagt: Weiln die Stein darbey / einer
283 4839 1935 4956 ſolchen verwunderlichen Gröſſe ſeyen / daß der
266 4944 1932 5066 gemeine Mann vorgebe / wie daß man ſich deß
282 5056 1936 5178 Teuffels Hülff zu ſolchem Bau gebraucht ha⸗
283 5166 1936 5287 be. Und dieſe Stärcke kan ein Urſach ſeyn /
185 5276 1908 5399 daß die Kirch nicht / wie andere alte herrliche
291 5388 1908 5498 Gebäu / durch der Hunnen / Francken / und
293 5495 1909 5609 Nordmannen / Einfall / iſt verderbet worden.
291 5603 1910 5722 Man hat in einen Altar / ſo gleichen Namen
293 5718 1910 5832 mit dieſer Kirchen führet / An. 1196. den Rock
285 5827 1914 5953 deß HErrn Chriſti / wie man darfür hält / ge⸗
218 5940 1909 6062 than. 2. Unſer Frauen anſehenliche / und 3.
285 6043 1910 6188 S. Simeons / ſehr alte Kirchen / ſo alles Stiff⸗
