3870 6490
192 403 1894 550 ſtifftet: Iſt aber / zu deß obgemeldten Ortelii
191 530 1894 655 Zeiten / von einer Brunſt verderbt / da gelegen;
195 640 1895 765 Und haben die von Trier nicht zulaſſen wollen /
193 753 1896 880 daß es wieder erbauet werden möchte; dieweil
193 861 1896 976 es der Stadtmauer ſo nahend; damit ſich ein
192 974 1897 1094 Feind nicht darinn auffhalten könte. Es ſchrei⸗
197 1083 1897 1210 bet Magerus de Advocatia armata cap. 5. n.
201 1191 1898 1315 170. fol. 128. daß dieſer Abbt keinem Ertzbi⸗
199 1303 1898 1426 ſchoff / oder Biſchoff; Und in dem Weltlichen
202 1413 1899 1530 allein dem Käyſer unterworffen; Der ſieben
200 1524 1898 1650 fürnehmſten Trieriſchen Kirchen Decanus,
203 1630 1898 1759 und der Käyſerin Ertz⸗Caplan ſeye; welches
202 1744 1898 1870 letzte auch Freherus ad lib. 2. Petr. de Andlo,
204 1851 1897 1983 cap. 7. pag. 184. meldet. Es iſt aber gleich⸗
202 1960 1900 2082 wol der Ertzbiſchoff allhie mit ihme ſtets ſtrit⸗
197 2071 1902 2199 tig / und hat ſich Käyſer Ferdinandus II. in
204 2176 1903 2308 An. 1625. deß Abbts angenommen; als der
198 2286 1903 2424 Pabſt ſein Election caſſirt / und das Kloſter
198 2397 1904 2528 dem Churfürſten in Commendam auffgetra⸗
208 2509 1905 2640 gen; wie hievon in dem Theatro Europæo
210 2614 1905 2742 Abelini fol. 996. ſeqq. mit mehrerm zu leſen
208 2734 1906 2853 iſt. Und findet ſich / daß Anno 1570. den 17.
194 2839 1906 2963 Februarii, der Churfürſt zu Trier / dieſe
196 2953 1907 3082 Abbtey S. Maximini, ſine onere, erhalten
211 3062 1888 3192 habe. Als der Prælat deß gemeldten Cloſters /
216 3171 1908 3295 Anno 1640. zu dem Reichstag nach Regen⸗
200 3277 1909 3411 ſpurg / beſchrieben worden / auch / als ein
216 3384 1909 3513 Stand deß Reichs / durch einen Gevollmäch⸗
218 3502 1910 3627 tigten / erſchienen / und / im Fürſten⸗Rath / zur
219 3609 1892 3741 Seſſion zugelaſſen worden / hat das Thumb⸗
219 3718 1896 3853 Capitul von Trier / als damals Adminiſtra-
221 3827 1894 3954 tor dieſes Ertzſtiffts / entgegen proteſtiren laſ⸗
221 3943 1903 4074 ſen. Vittorio Siri, im 2. Theil ſeines Mercu-
220 4045 1896 4184 rii, ſchreibet lib. 2. pag. 941. ſeqq. gar weitläuf⸗
224 4159 1912 4300 ſig von der Trieriſchen Strittigkeit / darüber
226 4274 1899 4406 auch der damahlige Herr Churfürſt / ſonder⸗
203 4380 1899 4520 lich / nachdem Er ſich / bey dem Schwediſchen
229 4491 1915 4629 Kriegsweſen / unter Frantzöſiſchen Schutz be⸗
229 4597 1916 4740 geben / in Verhafftung kommen / und ſagt /
233 4710 1916 4846 daß ſolche Strittigkeit ihren Anfang von der
230 4819 1917 4960 gedachten Abbtey S. Maximini, auſſer der
231 4932 1900 5065 Stadt Trier / deß Ordens S. Benedicti, ge⸗
230 5049 1900 5175 nommen habe; welcher Abbt nicht ordentlich
229 5154 1905 5290 erwehlt worden ſeye; und daher die Proviſion
235 5264 1906 5398 deß Prælaten / nach den Concordaten deß
237 5372 1920 5504 Teutſchlands / dem Pabſt heimgefallen; der
230 5482 1920 5613 darauff Anno 1624. ſolche Abbtey dem Chur⸗
243 5590 1921 5729 fürſten zu Trier commendirt; der auch derſel⸗
245 5703 1921 5841 ben Poſſeſſion eingenomen habe: Damit aber
239 5816 1922 5945 der Käyſer / und ſonderlich die Infantin zu
243 5926 1922 6062 Brüſſel / (weil ſolche Abbtey unter dem Lützel⸗
246 6038 1910 6201 burgiſchen Schutz /) nicht zu frieden geweſen
1892 419 3561 532 ſeye. Und ſo viel auß dieſem Italianer. Ro-
1892 529 3676 640 manus Hay meldet in Aula Eccleſiaſtica,
1893 641 3565 753 pag. 100. alſo: Urbanus VIII. nuper, in Ab-
1893 752 3571 862 batia S. Maximini, Treveris, Capitulo Eli-
1894 859 3569 972 gentium abſtulit vocem quoque paſſivam,
1894 967 3569 1079 ſeu jus electionis paſſivæ. Nunmehr ſchreibet
1895 1075 3568 1194 ſich der Herr Ertzbiſchoff allhie einen Com-
1895 1186 3572 1298 mendatorem zu S. Maximin. Und ſtehet
1896 1298 3577 1408 in dem 5. tomo Theatri Europ. fol. 1216. a.
1897 1405 3579 1522 Es hätte der Churfürſt Anno 1646. eine De⸗
1897 1519 3581 1620 duction⸗Schrifft / Inſtantia Fiſci titulirt /
1921 1626 3576 1736 publiciren laſſen / daß das Cloſter S. Maximi-
1922 1735 3583 1843 ni allhie / der Churfürſtlichen Jurisdiction
1918 1842 3586 1950 unterworffen; Dero auch das Einkommen
1920 1956 3586 2062 dieſes Cloſters gehörig ſeye. Bruſchius ſchrei⸗
1901 2062 3588 2175 bet viel von dieſem Benedictiner⸗Kloſter / dar⸗
1901 2174 3590 2285 inn viel fürnehme Leut / ſonderlich die heiligen
1902 2279 3587 2393 Agritius, und Maximinus: Item / die Ertzbi⸗
1902 2392 3588 2498 ſchöffe Nicetius, und Baſinus, ſamt vielen
1903 2491 3603 2609 Märtyrern / begraben ligen. Es wurde erſt⸗
1904 2607 3648 2721 lich zu S. Johann genannt. Als aber unter
1905 2719 3595 2830 dem vierdten Abbt / Tranquillo, S. Maximi-
1905 2827 3595 2937 nus darinn gelegt wurde / ſo bekame es nach
1906 2929 3594 3045 ihm den heutigen Namen. Dieſer heilige
1908 3038 3600 3164 Mann Maximinus hat lange nach S. Maxi-
1907 3153 3602 3273 min, dem Ertzbiſchoffen zu Biſantz / ſo Anno
1908 3263 3602 3382 291. geſtorben / allhie zu Trier gelebet / als der
1908 3370 3600 3492 im Jahr 336. den H. Athanaſium auffge⸗
1909 3484 3630 3597 nommen / und beherbergt hat; wie Miræus in
1911 3585 3597 3706 faſtis Belgicis ſchreibet. Und in dieſem Klo⸗
1914 3700 3602 3821 ſter ſolle S. Athanaſius bey 8. Jahren verbor⸗
1918 3812 3603 3928 gen gelegen / und ſein Symbolum allhie ge⸗
1918 3919 3707 4042 ſchrieben; auch allda die Heiligen Ambroſi-
1918 4028 3606 4145 us, und Hieronymus, ſich auffgehalten; auch
1917 4136 3606 4261 Käyſers Caroli M. Schweſter / die vier Evan⸗
1917 4249 3684 4374 geliſten / von purem Gold geſchrieben / herein
1916 4354 3606 4481 verehret haben / und ſie da begraben ligen. In
1915 4468 3607 4594 auch obgedachtem / und anſehnlichen S. Mat-
1915 4576 3607 4700 thiæ Kloſter / welches ſehr alt / und vorhin zu S.
1916 4685 3706 4816 Euchario iſt genannt worden / ligen S. Eucha-
1916 4796 3609 4920 rius, und die folgende vier und zwantzig Bi⸗
1917 4905 3612 5038 ſchöffe zu Trier begraben. Aubertus Miræ-
1920 5015 3611 5141 us ſchreibet in Faſtis Belgicis, pag. 115. daß
1922 5119 3610 5251 deß H. Apoſtels Matthiæ Cörper / ſo zur Zeit
1922 5241 3766 5361 deß Käyſers Conſtantini Magni, S. Agritius,
1920 5352 3659 5473 der Biſchoff nach Trier gebracht / darinnen ru⸗
1920 5457 3610 5586 he. Es ſeyn auch viel Gräber anderer heili⸗
1921 5564 3613 5697 gen Männer und fürtrefflichen Perſonen / zu⸗
1922 5677 3613 5810 ſamt einer herrlichen Bibliotheck / und wie
1922 5782 3688 5918 man ſagt / 28. Brunnen daſelbſten. Es iſt die⸗
1923 5889 3608 6031 ſes Kloſter des Benedictiner⸗Ordens. So
1923 5999 3610 6130 viel aber anbelangt die H. Märtyrer / ſo in ob⸗
