3870 6490
282 359 1934 492 gedachtem S. Paulini Stifft begraben / ſo ſeyn
278 478 1927 608 ſie in den notis Freheri in Auſonii Moſel. fol.
283 603 1066 714 126. ſeq. zu leſen.
292 695 1938 826 Was nun die Regierung dieſer Stadt (de⸗
255 816 1938 934 ren Innwohner freund⸗ und frölich ſeyn /) be⸗
287 925 1936 1045 trifft; So iſt oben geſagt worden / daß ſie vor⸗
285 1039 1933 1152 zeiten über andere mächtige Städt regiert hat:
285 1142 1933 1266 Und wie es mit ſolchem Regiment beſchaffen
289 1255 1933 1372 geweſen / auß den angezogenen Scribenten zu
286 1365 1937 1478 erſehen iſt. Wie es aber folgends / als die Stadt
291 1478 1932 1590 zum Chriſtlichen Glauben kommen / und einen
281 1585 1935 1702 Biſchoff erlangt hat / mit dem Regiment all⸗
285 1701 1938 1809 da / hergangen / das beſchreibet obvermeldter
284 1801 1933 1921 Kyriander (der gleichwol der Stadt Syndi-
286 1912 1935 2028 cus geweſen / und derſelben Recht / und Gerech⸗
285 2025 1937 2136 tigkeiten / nach ſeinem Vermeynen / defen⸗
283 2136 1939 2249 dirt) weitläufftig / und thut gleich in ſeiner lan⸗
276 2241 1943 2354 gen Vorrede / an Käyſer Rudolphen den An⸗
277 2358 1943 2464 dern / der Strittigkeit / zwiſchen dem Herrn
274 2466 1944 2571 Ertzbiſchoffen / und der Stadt; und was jeder
276 2570 1941 2687 Theil für Gerechtſame zu haben vermeyne /
275 2671 1940 2794 gedencken; auch der Bürger Drangſal / und
277 2793 1941 2900 Elend / mit einbringen; und was von deß
277 2892 1943 3015 Mönchs Joan. Scheckmanni epitome, ſeu
275 3010 1944 3124 medulla geſtorum Treverorum zu halten /
279 3122 1944 3228 anzeigen. Wir wollen auß ihme nur etliche
276 3228 1943 3339 Sachen allhie erzehlen / Und weiln die Ge⸗
276 3341 1939 3451 ſchichten / ſo wir ſonſten abſonderlich zu ſetzen
274 3449 1937 3565 pflegen / in dieſer Narration nicht wol alle ſich
272 3561 1937 3667 von dem andern trennen laſſen; ſolche zugleich
268 3673 1940 3781 auch / was ſich / nemlich allein ſeithero deß er⸗
272 3777 1936 3891 ſten Teutſchen Käyſers / Carls deß Groſſen /
279 3886 1941 3998 Zeiten / allhie begeben / mit einmengen. Und
277 3997 1937 4111 ſagt unter anderm gedachter Kyriander, daß
270 4104 1937 4221 Trier / als das Haupt Belgicæ Primæ, bey
271 4214 1935 4333 Regierung deß jetztbeſagten Käyſers / in der
271 4322 1934 4442 Zahl der XXI. berühmteſten Städte deß gan⸗
276 4432 1932 4549 tzen Fränckiſchen Königreichs / ſo man Metro-
274 4542 1937 4662 poles nennet; Und zur Zeit ſeines Sohns /
273 4652 1930 4782 Käyſers Ludovici Pii, und dieſes Sohns Lu-
275 4763 1941 4886 dovici Germanici, ein ſehr ſtattlich / ehrliche /
275 4875 1939 5003 und edelſte Stadt geweſen; und daß dieſelbe je⸗
273 4984 1937 5101 derzeit ein freye Königliche / oder / wie man ins⸗
270 5097 1937 5214 gemein / redet / ein Reichsſtatt / ſo wol / als
273 5204 1936 5331 Cölln / Aach / und andere ihres gleichen / wie
273 5308 1933 5436 Trithemius de Origine Francorum, am En⸗
269 5425 1933 5559 de / bezeuge / geblieben ſeye. Anno 882. haben /
269 5539 1930 5656 am grünen Donnerſtag / die Nordmannen die⸗
270 5644 1929 5782 ſe Stadt eingenommen / und ſeyn die Inn⸗
270 5763 1931 5894 wohner theils entlauffen: folgends haben ſie
265 5869 1928 6003 biß auff den Oſtertag geruhet / und da ſie auff⸗
268 5982 1927 6130 gebrochen / die Stadt / und das herumb gelege⸗
1957 351 3644 466 ne Land verbrant: Hernach / neben der Stadt
1957 465 3641 579 Remich an der Moſel / den Ertzbiſchoff von
1957 579 3641 700 Trier Bertulphum, überwunden: Nach wel⸗
1957 696 3641 812 cher Niderlag / ſich Trier wieder zu erholen an⸗
1957 810 3642 933 gefangen; und ſey nicht glaublich / daß die
1957 916 3642 1034 Mauren / Thürne / Thor / und die Gebäu / ſo
1957 1029 3641 1141 nach der alten Baukunſt / mit durch Kalck hart
1957 1137 3645 1250 gemachten Mauerſtein erbauet geweſen / ver⸗
1957 1252 3640 1364 bronnen; weiln noch jetzt auß der alten Welt
1957 1361 3641 1475 viel ſolcher Gebäu übrig ſeyen; wie auch oben
1957 1468 3641 1585 von der Moſelbrück / S. Peters / und S. Si⸗
1957 1585 3639 1695 meons Kirch / und anderm / ſo ſtehen blieben /
1957 1694 3637 1801 geſagt worden; darzu die Pfaltz in der Stadt;
1957 1801 3642 1915 und das Nonnen⸗Kloſter zur Scheyer / oder
1957 1911 3644 2025 Ohere / deſſen in Anno 897. gedacht werde /
1976 2027 3648 2144 konnen gethan werden. Folgends im Jahr
1957 2137 3643 2245 1009. hab dieſe Stadt einen neuen Schaden
1957 2244 3644 2360 empfangen / als Adelbero das Biſthumb /
1960 2355 3642 2469 nach Abſterben Ludolphi, mit Gewalt einge⸗
1957 2465 3641 2576 nommen; daher Käyſer Henricus II. die
1957 2563 3637 2690 Pfaltz ein Zeitlang belägert; hernach aber An⸗
1958 2685 3638 2807 no Chriſti 1019. Käyſer Conradus Saliquus
1957 2791 3644 2913 den ſechſten Thurnier allhie gehalten haben ſol⸗
1957 2897 3636 3023 le. Anno 1044. hielte Käyſer Henricus III.
1957 3011 3641 3138 allda einen Reichstag. Henricus IV. der Käy⸗
1957 3122 3659 3245 ſer / hat Anno 1072. die Reliquien der Heiligen
1957 3240 3652 3355 allhie zuſammen geleſen / und ſie in Sachſen
1957 3344 3635 3466 nach Hertzburg / gebracht. Käyſer Lotharius
1957 3453 3644 3580 hat einen Fürſtentag da gehalten. Und alſo ge⸗
1957 3562 3641 3692 het er Kyriander, biß auff Käyſer Friderichen
1957 3672 3644 3805 den Erſten / durch; wie nemlich Trier / nach
1957 3782 3641 3912 den Zeiten Caroli Magni, biß auff ihne Fride-
1957 3897 3642 4026 ricum, ſeye regiert worden / in dem dreyzehen⸗
1957 4004 3640 4133 den Theil ſeiner Chronick / am 144. und fol⸗
1957 4118 3641 4252 genden Blättern; daſelbſt er auch anzeigt /
1978 4243 3641 4364 wann vermuthlich / und mit was Gelegenheit /
1976 4344 3641 4470 die Ertzbiſchöffe in der Stadt / einen Schul⸗
1957 4456 3640 4585 theiß anzuſetzen / und das Recht / Schöffen zu
1957 4563 3639 4694 creiren / ſo ſie jetzt haben / bekommen: Nachdem
1957 4671 3637 4799 vorhin der Trieriſche Graff ſolchen Sculte-
1957 4782 3631 4916 tum, als gleichſam ſeinen Vicarium, geordnet;
1957 4891 3639 5038 die Stadt aber ihre Bürgermeiſter / und Raht /
1957 5008 3634 5145 wie annoch / hatte. Und handelt er am 146.
1957 5110 3638 5262 Blat / von dem angedeuten geweſenen Graf⸗
1957 5230 3639 5371 fen zu Trier / und ihrem Ampt; Und ſagt fer⸗
1957 5345 3637 5484 ners / daß Henricus der Sechſte / gedachten
1957 5448 3634 5593 Käyſers Friderici I. Sohn / An. 1185. mit ei⸗
1957 5569 3634 5706 nem Kriegsheer hieher komen / und daß es da⸗
1957 5681 3635 5822 maln nicht ohne Schaden der Bürger / und
1957 5788 3634 5933 Geiſtlichen / abgelauffen ſeye. Zu welcher Zeit
1974 5913 3635 6044 dann das Collegium der Schöffen die Ab⸗
1972 6024 3630 6162 gehende erſetzt / und ſolche der Schultheiß / als
