3870 6490
184 379 1941 525 gleichſam der Præſident / beſtättiget habe. Und
184 520 1940 635 ſeyen auch damals Zünfften / und Brüder⸗
183 627 1940 749 ſchafften allhie geweſen / ſo ihre Vorgeſetzte /
183 741 1939 858 und Rechten / gehabt. Und finde ſich bey vor⸗
182 850 1939 967 nehmen / und alten Scribenten / daß der gröſte
182 949 1938 1080 Adel weit umb Trier herumb / auß der Stadt
181 1067 1938 1192 herkommen ſeye; und haben nach ihnen noch
181 1182 1937 1299 viel Häuſer in der Stadt den Namen; wiewol
180 1291 1937 1410 theils Geſchlecht nun abgangen; theils in der
180 1393 1936 1520 Nachbarſchafft jetzt ihre Güter / oder Schlöſ⸗
179 1514 1936 1635 ſer / ſo ſie beſitzen / haben. Die Herren Ertzbi⸗
179 1623 1935 1741 ſchöffe exerciren zu Trier merum & mixtum
178 1739 1935 1853 Imperium, und ſtraffen die Ubelthäter; haben
178 1845 1934 1964 auch noch der Zeit Macht / Müntz zuſchlagen /
177 1957 1934 2076 als von alter Gewonheit / deſſen man keinen
177 2059 1933 2181 Anfang wiſſe. Dem Ertzbiſchoff Cunoni
177 2179 1933 2290 von Falckenſtein / habe die Stadt / auff dem
176 2279 1932 2402 Platz daſelbſt / der Camphoff genannt / durch
176 2399 1932 2511 ihren Centenarium, oder Zentner / (ſo zu Cöl⸗
175 2508 1932 2623 len der Gewaltrichter genannt wird) offentlich
175 2619 1931 2730 mit dieſen gewöhnlichen Worten geſchworen:
174 2720 1931 2837 Demſelben Ertzbiſchoffen ſein / und ſeines
174 2835 1930 2952 Stiffts Herſcheid (dominatum) und Recht
173 2946 1930 3061 zu laſſen / wie die von Alters herkommen / Be⸗
173 3058 1929 3170 hältniß unſer Städte Freyheite / Rechts / und
172 3168 1929 3280 Gewonheit / wie ſie von Alters herkommen.
172 3270 1928 3397 Der beſagte Ertzbiſchoff Cuno habe alſobal⸗
171 3389 1928 3503 den die rechte Hand dem Schöffenmeiſter ge⸗
171 3501 1927 3614 reicht / und ihme an ſtatt der Bürger / und gan⸗
170 3607 1927 3723 tzen Gemeind / bey ſeinen Fürſtlichen Glau⸗
170 3718 1926 3832 ben / an Eydes ſtatt / offentlich / ſie bey ihrer
169 3828 1926 3945 Freyheite / Recht / und Gewonheit / wie die von
169 3939 1925 4057 Alters herkommen / zu laſſen / und ſie dabey zu
168 4051 1925 4167 behalten / verſprochen. Nichts deſtoweniger
168 4163 1924 4282 hab er hernach der Stadt feindlich zugeſetzt /
167 4271 1924 4391 und ſeye die Sach an Käyſer Carlen den
167 4378 1923 4501 Vierdten / als Arbitrum, gelangt; und ſeye es
166 4493 1923 4615 damit alſo hergangen / wie er am 192. Blat ſe⸗
166 4601 1922 4731 tzit. Seinem Nachfolger Wernero, ſo Anno
165 4715 1922 4840 1418. geſtorben / habe ſie / die Stadt / alſo ge⸗
165 4831 1921 4954 ſchworen: Hude / mit alle diſme Tage / und
164 4942 1921 5059 von alle diſme Tage vort / ſo ſal dieſe Gemein⸗
164 5053 1920 5176 de zu Trier / und Ich / gethreuue / und hold
163 5166 1920 5283 ſeyn / unſerem genedigen Herren / Herren
163 5269 1919 5395 Werner / Ertzbiſchoue zu Triere / und ſyme
162 5384 1919 5512 Stiffte / vnnd In / vnd ſynen Stifft / by hir⸗
162 5501 1918 5617 re Hirlicheit zu laſſen / und nit daran zu hin⸗
161 5607 1918 5728 dern / Behelteniß der Stede Freyheit / Gewon⸗
161 5721 1918 5842 heit / und Herkommen / ſo uns Gott helffe / vnd
161 5833 1917 5955 die Heiligen. Item / ſal vnſer genedige Her⸗
160 5941 1917 6066 re von Triere globen mit ſeiner FürſtlicherEh⸗
159 6056 1916 6205 ren mit ſeiner Hand / in deß Scheffenmeiſters
1924 402 3723 541 Hand / die Stadt von Triere zulaſſen by hirre
1924 526 3722 651 Freyheit / Gewonheit / und Herkommen / Be⸗
1923 640 3722 784 helteniß Ihme / vnnd ſime Stiffte hirre Herr⸗
1923 748 3712 870 licheit / Rechten / und Gewonheit. Anno 1473.
1922 818 3721 982 hat der Rath allhie / als ihme der Ertzbiſchoff
1922 967 3720 1089 diß Orts / die Päbſtiſche Bullen / wegen Auff⸗
1921 1083 3720 1202 richtnng einer Hohen Schul / überlaſſen / vor
1921 1192 3719 1308 ſich / und auff ſeinen Unkoſten / die Profeſſores
1920 1307 3719 1426 angenommen / und in dem Stadthauß / ſo noch
1920 1414 3718 1529 das gröſſere Collegium genannt wird / ge⸗
1919 1523 3718 1639 machſame Auditoria verfertiget / und den Leh⸗
1919 1635 3717 1759 rern ihre Beſoldung auß gemeinem Seckel ge⸗
1918 1744 3717 1863 ben. Es hat auch Ertzbiſchoff Johannes,
1918 1851 3716 1971 ein Marggraff von Baden / ſo Anno 1503. ge⸗
1917 1964 3716 2080 ſtorben / wie er verſprochen / ein neu Diploma
1917 2075 3715 2186 zn Rom außgebracht / und dem Rath überge⸗
1916 2185 3715 2299 ben / in welchem Pabſt Sixtus auch Pfründen
1916 2291 3714 2406 und Pfarrkirchen ſolcher Univerſität zugeeig⸗
1915 2402 3714 2518 net: Welche Kirchen ſie auch folgends in ihr
1915 2503 3713 2631 Poſſeſſion gebracht; aber es hernach alles zu
1914 2622 3713 2736 nichte worden; und hat die Stadt zwey tau⸗
1914 2728 3712 2840 ſend Gülden verloren / ſo ſie umb die Päbſti⸗
1913 2834 3712 2952 ſche Bullas gegeben; wird auch die Autorität
1913 2944 3711 3063 einer offentlichen Schul nicht handhaben kön⸗
1913 3057 3711 3171 nen / es werden dann ihr die Unkoſten / oder das
1912 3161 3711 3286 Einkommen der Pfründen / nach Billichkeit
1912 3270 3710 3389 reſtituirt / oder ſie eine andere Vergeltung dar⸗
1911 3386 3710 3503 für empfahet; ſagt abermals vielgedachter
1911 3494 3709 3612 Kyriander im 17. Theil am 270. Blat. Im
1910 3599 3709 3726 Jahr 1512. ward ein Reichstag vom Käyſer
1910 3719 3708 3842 Maximiliano I. allhie angeſtellet / und in dem
1909 3823 3708 3949 beſagten Rahthauß / oder groſſen Collegio,
1909 3936 3707 4056 die Seſſionen gehalten: Welcher aber / nach⸗
1908 4040 3707 4167 dem er faſt bey vier Monat lang gewähret hat⸗
1908 4153 3706 4274 te / auff entſtandene Peſt nacher Cölln hat ver⸗
1907 4266 3706 4386 legt werden müſſen. Scheckmannus hat in
1907 4377 3705 4499 ſeiner Medulla geſt. Trever. lib. 3. c. 6. 7. & 8.
1906 4479 3705 4609 ein lange Beſchreibung / wie damaln / auff
1906 4601 3704 4719 Befelch deß gedachten Käyſers / deß HErrn
1905 4715 3704 4838 Chriſti Rock geſucht / und neben andern Hei⸗
1905 4817 3703 4947 ligthumern / deren ſehr viel / den 14. April / ge⸗
1904 4934 3703 5058 funden / und nach etlichen Tagen dieſelbe in
1904 5049 3702 5170 dem Dom gezeigt worden; daher ein groſſer
1903 5157 3702 5284 Zulauff deß Volcks entſtanden / und ohne
1903 5272 3701 5394 zweiffel auch dardurch die angedeute Peſt / ver⸗
1902 5368 3701 5505 urſacht worden; und hat man ſolchen Rock
1902 5479 3700 5617 hernach / von Anno 1512. anzurechnen / fünff
1901 5600 3700 5730 gantzer Jahr; folgends aber alle ſieben Jahr /
1901 5716 3699 5840 und alſo An. 1524. 31. 38. ꝛc. offentlich gewie⸗
1900 5821 3699 5947 ſen. Unter Ertzbiſchoff Reicharden Greiffen⸗
1900 5932 3698 6064 kla / hat An. 1522. Frantz von Sickingen / Tri⸗
1899 6042 3698 6175 er ſechs Tag lang / aber vergebens / belagert.
