3870 6490
223 422 1884 557 An. 1152. hat Marggraff Albrecht von Bran⸗
211 521 1872 663 denburg Trier eingenommen; nach deſſen Ab⸗
228 628 1887 778 zug / deß Ertzbiſchoffs Iohannis, eines Graf⸗
184 742 1888 894 fen von Iſenburg / Obriſten / und etliche Dom⸗
192 849 1890 1001 herrn / als man ſie mit Soldaten in die Stadt
220 964 1891 1108 gelaſſen / die fürnehmſte Schlüſſel zu den
222 1075 1892 1220 Thoren in ihren Gewalt gebracht / und wie⸗
222 1185 1893 1328 wol gleich darauff Käyſerliche Beſatzung hie⸗
226 1297 1895 1441 her kommen / ſo hat doch der Ertzbiſchoff / ſo
224 1406 1896 1547 lang er gelebt / die Schlüſſel zu einem Thor
216 1520 1896 1659 behalten. Zu welcher Zeit die gedachte Käy⸗
221 1631 1897 1766 ſerliche Beſatzung / vier Jahr lang allhie ge⸗
218 1745 1900 1880 blieben iſt. Folgends hat ſein Succeſſor Jo-
225 1846 1901 1980 hannes a Petra ſich gar ſtreng; und feindlich
193 1962 1902 2098 gegen der Stadt erzeiget; ſonderlich / nachdem
227 2071 1905 2210 Anno 1559. die Bürger unter ſich / wegen der
225 2182 1906 2314 Religion / angefangen uneinig zu werden; auch
224 2293 1907 2426 durch deß Ertzbiſchoffs Beyſtand / ihr viel auß
225 2403 1909 2541 der Stadt haben weichen müſſen; obwoln er /
224 2512 1909 2641 wie auch ſeine Vorfahren / von Cunone an /
202 2619 1911 2747 nichts deſtoweniger das jährliche Schutzgelt
231 2733 1913 2864 von der Stadt / biß auffs Jahr 1566. ange⸗
229 2839 1914 2967 nommen hat. Nach ſeinem Tod hat das Dom⸗
214 2949 1915 3078 Capitel / ſo längſten ſchon auß der Stadt gewi⸗
232 3054 1916 3183 chen war / ſeine / deß Ertzbiſchoffs / ſcharffe
237 3166 1917 3292 Edicta, beſtättiget / und die Zufuhr der Provi⸗
237 3275 1917 3410 ant verhindert: Und iſt daher die Wahl eines
231 3385 1918 3521 neuen Ertzbiſchoffs in der Stadt Witlich vor⸗
235 3494 1918 3626 genommen / und Iacobus III. deß Adelichen
233 3604 1919 3736 Geſchlechts von Eltz / erwehlet worden; wel⸗
232 3715 1919 3844 cher An. 1568. die Stadt Trier / mehr als zwey
234 3826 1920 3953 Monat lang belägert / und gewaltig geſtürmet
240 3933 1920 4062 hat; und iſt gleichwol der Fried darauff erfol⸗
246 4047 1921 4172 get / und hat man forthin die Strittigkeit mit
248 4153 1921 4285 Recht getrieben: Wie dann der Ertzbiſchoff
238 4270 1922 4393 An. 1571. auff dem Tag zu Franckfurt / ſo we⸗
248 4379 1922 4502 gen deß Müntzweſens / und der Matricul / an⸗
246 4490 1923 4611 geſtellet worden / ein Schrifft übergeben laſſen;
254 4601 1924 4719 wie davon beym gedachten Kyriander / im 17.
254 4719 1910 4831 Theil / am 222. Blat zu leſen; die er aber / in
254 4827 1909 4944 dem folgenden / zu widerlegen ſich unterſtehet /
255 4937 1925 5056 auch am 228. Blat anzeiget: Wie weit ſich
258 5047 1926 5162 deß Ertzbiſchoffs / und dann auch deß Rahts
252 5158 1926 5272 allhie / Iurisdiction erſtrecket: Und daß Chur⸗
254 5270 1926 5382 fürſt lacobus II. am erſten auff dem Reichstag
251 5386 1927 5496 erhalten habe / daß der Stadt Trier Anlag
255 5493 1928 5609 nicht in das Reichs⸗Regiſter geſetzt: Sondern
232 5607 1914 5723 ihme / dem Ertzbiſchoff / ſeine Contribution
261 5720 1929 5830 dardurch zu erleichtern / ein und andermal /
260 5829 1910 5942 nachgeſehen worden: Auch daß er / An. 1505.
259 5936 1907 6053 beym Käyſer Maximiliano I. zu Cölln auß⸗
253 6051 1919 6207 gebracht / daß ſelbiges mal die Stadt Trier
1780 359 3718 514 nicht in die Matricul kommen / daher ſeinem
1782 481 3720 629 Succeſſori Reichardo unſchwer geweſen /
1784 598 3721 740 auff dem Reichstag zu Wormbs / Anno 1521.
1786 700 3723 853 zu erhalten / daß Trier nicht in die Matricul /
1788 817 3725 953 wegen der Reichs Anlag / geſetzt worden ſeye:
1790 928 3727 1069 Wiewol nichts deſtoweniger höchſtgedachter
1792 1040 3729 1185 Käyſer Maximilianus I. ſo auch An. 1517. all⸗
1794 1147 3731 1294 hie geweſen / dieſe Stadt zum öfftern ſeine / und
1796 1259 3733 1401 deß Reichs Stadt genennet; auch nach ihme /
1797 1375 3735 1521 Käyſer Carolus V. derſelben ihre Privi-
1800 1481 3737 1630 legia beſtättiget; den Lützenburgiſchen Bund
1801 1596 3739 1738 mit der Stadt erneuert / und ſie Anno 1522. zu
1803 1713 3741 1840 dem Reichstag gen Nürenberg beruffen habe:
1805 1823 3743 1964 Wie ſie dan auch hernach noch zu den Reichs⸗
1807 1931 3745 2075 tägen / und Anlagen beſchrieben worden; in⸗
1809 2035 3746 2185 maſſen ſie dan vor Alters auff die Reichstäge /
1811 2134 3749 2290 und Conventen / gezogen / und ſelber ihr Hülff
1813 2265 3751 2392 den Käyſern geleiſtet: Folgends aber / wegen
1815 2372 3753 2516 Unvermögenheit / unſichern Straſſen / Krieg /
1817 2493 3755 2620 und dergleichen / ihrem Ertzbiſchoff mehrer⸗
1819 2595 3756 2733 theils Commiſſion auffgetragen / und ſich deß⸗
1821 2705 3759 2838 wegen mit ihme verglichen habe. So ſeye auch
1822 2826 3760 2951 die Stadt zu obgedachter / deß Käyſers Maxi-
1824 2929 3762 3062 miliani I. Zeit / von den Ertzbiſchöffen zu den
1826 3043 3764 3170 Landtägen / nicht mit Befelch / wie andere Un⸗
1828 3151 3766 3278 terthanen / ſondern allein mit Bitt / und nicht zu
1830 3265 3768 3389 allen Landtägen / beruffen worden. Und dieſes
1832 3374 3770 3498 ſagt vielgemeldter Kyriander, in ſeiner Trieri⸗
1834 3481 3772 3609 ſchen Chronick. Zu welchem zuthun / daß in
1836 3599 3774 3719 dem obgedachten deß Churfürſten An. 1571.
1838 3710 3776 3830 übergebenen Libell / ſtehet / daß die Stadt Tri⸗
1840 3814 3778 3941 er mit den jetzigen Thürnen / und Mauren /
1842 3934 3780 4052 vom Ertzbiſchoffen Iohanne I. der Anno 1213.
1844 4046 3782 4165 geſtorben / umbgeben worden ſeye. Magerus
1846 4152 3784 4273 von Schönberg meldet / c. 8. de Advocatia ar-
1848 4263 3786 4381 mata n. 400. fol. 319. daß / von den Zeiten an /
1849 4375 3788 4505 der erſten Chriſtlichen König in Franckreich /
1851 4491 3790 4608 ſie die Stadt mit aller Superioritet, Iurisdi-
1853 4607 3792 4724 ction, mero & mixto Imperio, und dem
1855 4704 3794 4834 Blutbann / ihren Ertzbiſchöffen unterthan ge⸗
1857 4825 3795 4942 weſen ſeye. Pontus Heutterus in hiſt. veteris
1859 4935 3798 5063 & novi Belgii lib. 2. cap. 5. pag. 86. ſagt: Daß
1861 5038 3799 5170 Trier noch heutiges Tags ein groſſe / und ſe⸗
1863 5162 3801 5288 henswürdige Stadt ſeye / ſo ſich deß Teutſchen
1865 5265 3803 5394 Reichs Freyheit gebrauche. Es habe aber dar⸗
1867 5382 3805 5502 über / wie auch über das gantze Land / der Ertzbi⸗
1869 5494 3807 5618 ſchoff zu gebieten / welchen ſie / mit gewiſſen /
1871 5608 3809 5730 und ehrlichen Geſetzen / jedoch ihrer Freyheit
1873 5723 3811 5847 nichts benommen / noch jetzt erkenne / und ehre.
1875 5837 3813 5957 Iohannes Limnæus ſchreibet / lib. 7. Iuris-
1877 5949 3815 6071 publ. Imperii Romano-Germanici cap.
1879 6062 3817 6184 48. num. 5. daß ihn ein vornehmer Rechts⸗
