3870 6490
185 335 1946 479 gelehrter berichtet habe / wie daß Käyſer Ru-
186 466 1946 583 dolphus II. faſt umb den Anfang ſeines Käy⸗
186 578 1946 694 ſerthumbs / dieſe Strittigkeit / zwiſchen dem
186 687 1946 810 Ertzbiſchoff / und der Stadt / durch ein Urtheil /
186 799 1947 920 dem Herrn Ertzbiſchoſf zu gutem gefällt / auff⸗
187 911 1947 1028 gehoben habe. Hergegen erſcheinet auß deß
187 1021 1947 1141 Schultheiſſen / der Rähte / und Bürgerſchafft
187 1137 1947 1253 allhie / Schreiben / an den Frantzöſiſchen Obri⸗
187 1246 1948 1363 ſten / den Graffen von Arpajon, ſo die Stadt
188 1358 1948 1484 Trier Anno 1632. belägert / und ſie den 10. und
188 1468 1948 1603 20. Auguſti mit Accord eingenommen / daß die
188 1581 1948 1698 Differentz noch damaln am Käyſerlichen
188 1691 1949 1816 Hoff / Rechthängig (vielleicht in Judicio Re-
189 1801 1949 1920 viſorio) geweſen / und daß der König in Spa⸗
189 1914 1949 2030 nien / als Schutzherr / wegen Lützenburg / (in
189 2022 1949 2147 deſſen Hertzogthumbs Protection, und Ad-
189 2135 1950 2252 vocatia, dieſe Stadt vor vielen Jahren gewe⸗
190 2239 1950 2369 ſen) eine Guarniſon da ligen gehabt; die fol⸗
190 2356 1950 2475 gends auß⸗ und die Frantzoſen eingezogen ſeyn.
190 2465 1950 2590 Es haben ſich gleichwol die Bürger allhie / in
190 2567 1951 2694 obberührtem Schreiben / getreue / deß Bi⸗
191 2684 1951 2811 ſchoffs Unterthanen genannt. Beſagte Fran⸗
191 2799 1951 2912 tzoſen / haben dieſe Stadt / biß in das 1635.
191 2910 1951 3027 Jahr behalten / in welchem ſie den 16. und 26.
191 3014 1952 3142 Martii / Morgends zwiſchen 3. und 4. Uhren /
192 3128 1952 3254 bey etwas zu groſſer Sicherheit der Guarni⸗
192 3236 1952 3363 ſon / von den Spaniſchen / überrumpelt / und
192 3346 1952 3467 der Herr Ertzbiſchoff und Churfürſt / Philipp
192 3462 1952 3588 Chriſtoph von Söttern / der ſich gleich damals
193 3567 1953 3695 zu Trier befunden / nach Einnehmung der
193 3678 1953 3804 Stadt / ins Niderland / (weil er ſich / wider
193 3790 1953 3916 Schweden / in Frantzöſiſche / und nicht in
193 3903 1953 4036 Spaniſch⸗Lützenburgiſche alte Protection,
194 4011 1954 4135 wie man geſchrieben / begeben) und folgends in
194 4122 1954 4256 Oeſterreich gleichſam gefangen geführet wor⸗
194 4233 1954 4360 den; was ſich von den Frantzoſen darinnen zur
194 4344 1954 4480 Wehr geſtellet / haben die Spanier niederge⸗
194 4455 1955 4592 hauen / und die übrigen / ſo mit der Flucht nicht
195 4570 1955 4702 entrunnen / gefangen. Es wird aber hievon un⸗
195 4679 1955 4807 ten ein mehrers / und zwar mit etwas andern
195 4792 1955 4927 Umbſtänden / gedacht werden. Sonſten be⸗
195 4906 1956 5039 richtet Kemnitzius von obgedachter Belage⸗
196 5016 1956 5143 rung im Jahr 1632. geſchehen / part. 1. vom
196 5123 1956 5259 Schwediſchen Krieg / lib. 4. pag. 418. als der
196 5233 1956 5372 Frantzöſiſche Marſchall d'Esfiat zu Lützel⸗
196 5345 1957 5479 ſtein an einem hitzigen Fieber geſtorben / daß
197 5456 1957 5587 ſein Succeſſor, der Marſchall von Eſtree, die
197 5567 1957 5707 Stadt Trier mit Accord erobert habe. Andere
197 5676 1957 5819 aber erzehlen ſolches von obgemeldtem Grafen
197 5792 1958 5926 von Arpajon / deſſen groſſe Thaten / ſo er verü⸗
198 5903 1958 6041 bet haben ſolle / ſonderlich Gramondus in ſei⸗
198 6023 1812 6148 nen Frantzöſiſchen Hiſtorien rühmet.
198 6098 1958 6298 Was nun ferners die Religion / und das
1924 344 3679 469 Ertzbiſtthumb allhie anbelangt: So ſeyn in
1926 466 3660 580 dieſer Lands⸗Art zwar hin und wieder Chriſten
1924 577 3631 690 geweſen; wider die aber immerzu viel Auffruh⸗
1924 686 3660 800 ren entſtanden; die auch die Philoſophi mit
1925 788 3621 909 Reden / und Schreiben; die Obrigkeiten mit
1925 900 3622 1021 Martern / und Straffen; die Käyſer mit greu⸗
1926 1019 3616 1134 lichſten Befelchen / und aller Gewalt / verfol⸗
1926 1133 3612 1245 get haben; welche auch Anfangs allein in pri⸗
1926 1243 3618 1351 vat⸗Häuſern / oder in Wälden / oder Hölinen /
1942 1350 3614 1463 und an unwegſamen Orten / zuſammen kom⸗
1944 1462 3614 1576 men; daher auch ihre Feind faſt das fürnehm⸗
1944 1571 3610 1688 ſte Stück ihrer Anklag genommen haben; als
1939 1682 3614 1797 ob die Chriſten / wider den gemeinen Stand /
1939 1791 3624 1903 und der Fürſten Wolfahrt / ſich zuſammen
1937 1898 3778 2018 verbinden thäten: Deßwegen folgends den
1931 2014 3624 2126 Frommen der Muht gewachſen / auß den ver⸗
1937 2125 3637 2236 borgenen Orten offentlich herfür zu treten / und
1944 2230 3623 2344 den Chriſtlichen Glauben ungeſcheuet zu be⸗
1946 2341 3623 2457 kennen; und derenthalben Gottshäuſer zu er⸗
1945 2453 3620 2565 bauen; welche ſie / die Chriſten / allbereit vor
1944 2558 3627 2673 Conſtantino dem Groſſen / gehabt haben;
1944 2660 3627 2785 welcher Käyſer hernach den Heydniſchen Gö⸗
1947 2779 3631 2894 tzendienſt verbotten; der Götzen Altär umbzu⸗
1950 2885 3626 3000 reiſſen / und ihre Tempel zu verſchlieſſen be⸗
1933 2990 3760 3118 fohlen hat. Seyn alſo die Heydniſche Gö⸗
1933 3108 3687 3226 tzen in die Häuſer etlich wenig Reicher getrie⸗
1934 3214 3762 3337 ben / hernach dieſelbe zu oberſt auff die Häuſer
1934 3324 3633 3446 in Franckreich geſetzt worden / da ſie ſich / als
1955 3432 3635 3554 Vhu / oder Kautzen / auffgehalten: Zu Trier
1950 3548 3629 3669 aber iſt deß Apollinis Bild vom Berg herun⸗
1936 3650 3631 3774 ter geworffen worden / zu deſſen Gedächtnüß
1936 3769 3630 3884 auch noch die Metzger alle Jahr ein brennend
1957 3875 3625 4000 Rad / oder Faß / oder etwas anders / ſo ſie an⸗
1951 3981 3638 4106 zünden / von deſſelben Bergs höchſtem Felſen
1955 4098 3634 4217 herunter ſtürtzen. Man wil aber / daß S. Petrus,
1953 4206 3619 4326 als er im vierdten Jahr deß Käyſers Claudii,
1954 4315 3637 4437 auff Rom kommen / folgends von dannen nach
1955 4425 3637 4545 Trier den Eucharium, den Dritten in der
1956 4539 3638 4660 Ordnung / auß deß Herrn Chriſti zwey und
1939 4647 3631 4770 ſiebentzig Jüngern / mit zween Gehülffen / Va-
1955 4751 3678 4874 erio, und Materno, geſchickt; welcher H. Eu-
1958 4868 3639 4988 charius alſobalden eines Rahtsherrn Wittib /
1958 4979 3640 5096 Namens Albana, einigen verſtorbenen Sohn
1941 5090 3638 5226 von den Todten aufferwecket / Ihr groſſes
1940 5200 3644 5342 Hauß zu einer Kirchen / unter dem Namen S.
1942 5313 3640 5453 Johannis, deß Apoſtels / und Evangeliſten /
1942 5423 3640 5568 geweyhet habe; welches Gottshauß noch heu⸗
1944 5537 3645 5676 tiges Tags die Benedictiner⸗Münch innen
1946 5654 3649 5788 haben / und S. Matthiæ Abbtey genennt wer⸗
1946 5753 3658 5902 de / ſo vor dem neuen Thor gelegen iſt. Und
1945 5869 3644 6011 nach dem er Eucharius dem Biſtthumb drey
1944 5980 3641 6121 und zwantzig Jahr vorgeſtanden / und ge⸗
1945 6087 3644 6251 ſtorben / ſo ſeye ihm Valerius ſuccedirt /
