3870 6490
234 379 1929 518 ſo 15. Jahr Biſchoff geweſen: Folgends habe
213 485 1910 614 S. Maternus daſſelbe viertzig Jahr regiert; De⸗
241 608 1913 724 nen XXIII. Biſchöffe allhie / in richtiger
245 714 1909 840 Ordnung / gefolgt; obwoln die Inwohner ſich
245 822 1910 958 wieder zur Heydenſchafft gewendet / und be⸗
245 930 1913 1068 ſagte ihre Biſchöffe entweder greulich ver⸗
242 1042 1908 1177 folgt / oder getödtet / oder ins Elend verwieſen
246 1149 1904 1288 haben; unter denen / nach S. Materno, der Au-
249 1261 1908 1401 ſpicius, Celſus, und andere / biß auff Valenti-
251 1377 1908 1498 num, den XXVI. nach Euchario, geweſt:
253 1492 1908 1611 Nach welchem das Trieriſche Biſthumb neun
248 1599 1916 1725 Jahr lang ledig geſtanden ſeyn ſolle / biß die
246 1711 1904 1835 heilige Kaiſerin Helena, und ihr Sohn / obge⸗
254 1814 1913 1941 dachter Kaiſer Conſtantinus der Groſſe /
254 1922 1914 2063 beym Pabſt Sylveſtro angehalten; der den
254 2038 1914 2167 Agritium, einen Patriarchen von Antiochia,
253 2152 1905 2255 mit dem Titul eines Primatis, und Ertzbi⸗
254 2261 1922 2379 ſchoffs / im Jahr nach Erſtehung der Stadt
247 2370 1936 2489 Trier 2384. der Stadt Rom. 1044. Chriſti
253 2477 1922 2601 333. deß Kaiſerthumbs Conſtantini 23. deß
210 2586 1902 2712 Bapſtthumbs Sylveſtri. 19. Olympiadis
257 2700 1921 2816 207. 4. Indict. 5. dahin geſchickt habe: Ob es
255 2808 1920 2922 wol offenbar / ſagt viel angezogener Kyrian⸗
255 2921 1918 3034 der / daß dieſe Zeiten nicht miteinander überein⸗
260 3028 1914 3142 ſtimmen können. Und ſtehet in den Trieri⸗
238 3141 1924 3249 ſchen Geſchichten / meldet er weiter / daß / nach⸗
262 3247 1926 3363 dem beſagter Agritius, das Volck zum Chriſt⸗
210 3360 1923 3469 lichen Glauben gebracht / hätte er auß S. Hele-
261 3471 1918 3586 næ Palaſt / die obgedachte S. Peters Ertzbi⸗
255 3580 1938 3689 ſchoffliche Kirch / oder den Dom; und fol⸗
256 3690 1939 3802 gends / auff gemeldten Kaiſers Conſtantini
261 3802 1938 3913 M. Befelch / in Campo Martis, die Kirch ge⸗
261 3909 1937 4024 weyhet / Abbt und Münch dahin geordnet / ſo
263 4022 1938 4130 jetzt S. Maximini Abbtey genannt werde: Fol⸗
269 4131 1939 4249 gends auß Willen der heiligen Helenæ, ein
264 4236 1938 4355 ſehr ſchöne Kirch / in Form deß heiligen Creu⸗
262 4350 1935 4471 tzes / und demſelben zu Ehren / erbauet: Und
266 4460 1937 4580 endlich im neundten Jahr ſeines Biſtthumbs:
267 4566 1939 4690 Chriſti aber 342. geſtorben ſeye / und ihme zum
267 4671 1939 4800 Nachfolger den Maximinum verordnet habe.
265 4785 1938 4911 Was aber von dieſer Erzehlung und Hiſtori /
260 4899 1922 5025 zu halten; davon iſt gemeldte deß Kyianders
252 5006 1936 5134 Trieriſchen Chronick am 40. Blat zu leſen:
268 5114 1934 5249 Wiewol nicht geläugnet werden kan / daß faſt
266 5225 1913 5363 die erſte Chriſten in Gallia allhie worden ſeyn.
263 5332 1913 5461 Dann / wie oben geſagt / ſo hat dieſe Stadt un⸗
259 5448 1916 5568 ter den fürnehmſten Galliſchen Städten / alle⸗
266 5562 1921 5694 zeit den Preis gehabt; und ob ſie ſchon / biß auff
253 5669 1925 5815 deß Prieſters zu Maſſilien / deß Salviani Zei⸗
265 5782 1924 5922 ten / ſo umbs Jahr 480. (wie Trithemius in
248 5888 1927 6039 Catal. ſcript. Eccl. fol. 233. bezeuget) florirt
260 5999 1930 6164 hat / viermal zerſtöret worden; als er / de vero
1952 355 3636 488 judicio, & providentia Dei, außdrücklich
1957 486 3635 595 ſchreibet / ſo hat ſie ſich doch nach ihrem Un⸗
1953 596 3637 706 glück wieder erholet / alſo / daß ihr Auſonius
1955 707 3639 820 unter den achtzehen fürnehmen Städten / ſo
1938 815 3640 929 umb die Zeit der Regierung Kaiſers Gratiani
1954 930 3640 1037 geweſen / nach Rom / Conſtantinopel / Cartha⸗
1938 1034 3642 1148 go / Antiochia und Alexandria / die ſechſte Stell
1938 1155 3695 1264 gibet / auch Ammianus Marcellinus hin und
1937 1261 3641 1370 wieder anzeiget / daß die Kaiſer Valentinianus
1937 1371 3641 1487 der älter / und gedachter Gratianus, gar viel all⸗
1937 1483 3642 1598 hie gewohnet / auch ſie / nach Uberwindung der
1937 1585 3645 1714 Allemanner bey Colmar allda triumphirt ha⸗
1937 1705 3643 1823 ben. So findet man in den Hiſtorien auffge⸗
1937 1815 3645 1933 zeichnet / daß Kaiſer Maximus An. 386. oder
1937 1927 3644 2046 387. allhie ſeinen Kaiſerlichen Sitz angeſtellet /
1937 2040 3644 2161 welches auch Trithemius de Origine Fran-
1937 2150 3646 2271 corum fol. 77. klärlich vermeldet / daß / nach⸗
1941 2257 3648 2373 dem er Maximus Gallien eingenommen / und
1937 2370 3647 2491 Gratianum umbgebracht / er ſich zu Trier ge⸗
1938 2479 3647 2599 ſetzt / auch ſeinen Sohn Victorem zum Mit⸗
1937 2580 3647 2720 Regenten gemacht. Und haben die Römer ih⸗
1937 2701 3647 2813 ren Schatzmeiſter / Müntzverwalter und der⸗
1937 2811 3648 2938 gleichen / auch ihre Scheuren / Waffen und
1937 2921 3648 3054 Werckſtatten da gehabt. Und zu gemelter Zeit /
1938 3032 3648 3166 wird nach obbeſagten Biſchoffen Agritio und
1940 3134 3647 3274 Maximino (welcher den vom Kaiſer Con-
1944 3250 3655 3378 ſtantio in die Acht erklärten heiligen Athana-
1938 3362 3648 3494 ſium, heimlich beherberget) Paulinus genannt /
1937 3469 3642 3612 der XXIX. Biſchoff / welcher An. Chriſti 363.
1936 3583 3647 3718 fernen von hinnen / in Phrygien / dahin er vom
1936 3696 3644 3827 beſagten Kaiſer Conſtantio vorherv ins Elend
1936 3808 3643 3948 geſchickt / ein Märtyrer / und ihme das Haupt
1936 3924 3640 4057 abgeſchlagen worden. Demſelben hat im Biſt⸗
1936 4029 3640 4163 thum ſuccedirt Bonoſius, dieſem Bricto, oder
1936 4137 3638 4279 Brictonius, der ein Concilium der Biſchöffe /
1936 4252 3632 4397 wider deß Priſcilliani Ketzerey allhie gehalten.
1956 4361 3638 4500 Der XXXVI. Biſchoff war S. Severus. Der
1936 4482 3636 4625 XLIII. Modeſtus, zu deſſen Zeiten die Fran⸗
1936 4583 3634 4733 cken ſich dieſer Stadt bemächtiget haben; ſo in
1945 4705 3634 4842 dem 527. Jahr ſolle geſchehen ſeyn / nachdem
1968 4813 3633 4944 dieſe Stadt am erſten durch T. Labienum an
1969 4922 3633 5070 die Römer gebracht worden; wie in obangezo⸗
1966 5039 3632 5181 gener Trieriſchen Chronick ſtehet. Die Ero⸗
1967 5150 3632 5287 berung der Stadt durch die Francken / (darzu
1967 5261 3634 5402 deß FI. Aviti, ſo nach Valentiniano III. zum
1962 5365 3633 5518 Kaiſer auffgeworffen worden / Geilheit / in⸗
1962 5493 3627 5624 dem er eines Rahtsherrn allhie / Namens Lu-
1960 5599 3628 5738 cii, ſchönes Eheweib mit Liſt zu ſich gebracht /
1958 5721 3627 5850 und geſchwächt / Urſach geben) ſetzet Trithe-
1953 5833 3627 5963 mius in Compend. Annal. f. 37. in 457. Jahr
1952 5933 3627 6078 nachdem wenig Jahr zuvor / ſie auch Attila
1947 6057 3627 6197 eingenommen / und übel verwüſtet hatte / wie er
