3870 6490
173 379 1945 514 ſchreibet. Bey dieſer Fränckiſchen Regierung
174 507 1945 624 hat Trier viel erlidten. Und ſtunde es umb die
174 616 1946 738 Kirche Gottes / wegen der Heyden und Ketzer /
175 730 1946 848 als deß Arrii, Priſcilliani, Pelagii, und ande⸗
175 838 1947 959 rer / gar gefährlich / und hatten die Götzendie⸗
176 949 1947 1070 ner / ſonderlich die vom Adel / in Gallien / und
176 1062 1948 1182 anderswo / ihre Tempel / biß der Francken Kö⸗
177 1173 1948 1292 nig Clodovæus, oder Ludovicus, nachdem er
177 1275 1949 1402 in der Schlacht mit den Alemanniern bey Tol⸗
178 1396 1949 1515 biac / einem Flecken / nicht weit von Cöln gehal⸗
178 1509 1950 1629 ten / ein Chriſt zu werden / gelobet / und ſolches
179 1618 1950 1737 auch auff erlangten Sieg in dem Werck gelei⸗
179 1728 1951 1850 ſtet / und ſich tauffen laſſen: Da dann die Chri⸗
180 1838 1951 1962 ſten einen Schutz bekommen / und es unter der
180 1947 1952 2068 Chriſtlichen Francken Regierung / ſonderlich
181 2063 1952 2188 Königs Dagoberti, mit Trier beſſer hergan⸗
181 2168 1952 2300 gen iſt / welcher / wie auch folgends König Pi-
182 2277 1953 2407 pinus, und ſein Sohn / Kaiſer Carolus M. ſich
182 2392 1953 2519 allhie bißweilen auffgehalten haben. Und hat
183 2502 1954 2632 im Trieriſchen Biſthumb obgedachtem Mo-
183 2612 1954 2743 deſto ſuccedirt Maximianus, dieſem S. Fibi-
183 2719 1955 2849 tius, dieſem Nicetius umbs Jahr Chriſti 528.
184 2839 1955 2963 deme gefolget haben Gangericus, Severinus,
184 2948 1956 3075 und Modovvaldus; welcher letzte deß gedach⸗
185 3061 1956 3183 ten Königs Dagoberti Palaſt allhie zu einem
185 3171 1957 3305 Jungfrauen Cloſter / zur Scheuren / oder O⸗
186 3284 1957 3407 here / Ohere / genannt / verändert / und ein an⸗
186 3393 1958 3512 ders Jungfrau Cloſter auſſer der Stadt / wo
187 3503 1958 3630 Julius Cæſar ſein Caſtell gehabt / gebauet / ſo
187 3613 1959 3741 jetzt Palatiolum genannt wird: Und das dritte
188 3720 1959 3850 für ſeine Schweſter Severa, neben dem Geſtad
188 3836 1960 3956 der Moſel / deſſen Kloſters Kirch dem heiligen
189 3948 1960 4072 Märtyrer Symphoriano geweyhet worden
189 4058 1961 4187 iſt. Ihme hat ſuccediret Numerianus, deme
190 4168 1961 4298 gefolget Baſinus, Ludwinus, und andere / biß
190 4281 1962 4400 auff Fortunatum, oder Hamalarium, der ein
191 4391 1962 4518 Buch de officiis Eccleſiaſticis geſchrieben /
191 4503 1963 4619 und vom Carolo M. als ein Geſandter / nach
192 4615 1963 4749 Conſtantinopel geſchickt worden iſt; in der
192 4726 1964 4861 Zahl der LXIII. Biſchoff allhie / wiewol der
193 4838 1964 4968 Catalogus Epiſcoporum nicht ohne Mängel
193 4953 1965 5080 iſt / wie gedachter Kyriander ſagt. Ihme Ha-
194 5059 1965 5186 malario Fortunato hat umbs Jahr Chriſti
194 5177 1966 5302 823. ſuccedirt Heto, Hecti, oder Hettingus,
195 5285 1966 5410 und dieſem umbs Jahr Chriſti 859. Tiethau-
195 5396 1967 5525 dus;dieſem Bertulphus; zu deſſen Zeiten Anno
196 5509 1967 5628 882. die Nordmannen die Stadt Trier einge⸗
196 5619 1968 5745 nommen / geplündert und verbrannt haben.
197 5732 1968 5855 Bertulpho hat gefolgt Rathbodus, der zu
197 5840 1969 5967 Maſtrich die Abbtey S. Servatii vom Kaiſer
198 5956 1969 6081 Arnolpho, und von ſeinem Sohn Ludovi-
198 6066 1970 6207 co die Caſtell Serik und Orſſuels mit den be⸗
1944 395 3613 524 nachbarten Dörffern / erlangt. Ihme hat An.
1942 509 3627 636 914. ſuccedirt Rutherus; dieſem Anno 928.
1938 615 3637 748 Ruthbertus oder Robertus, der Anno 956. an
1938 724 3635 858 der Peſt geſtorben. Sein Nachfolger / und der
1937 848 3627 965 LXX. Biſchoff Henricus, hat das ſteinerne
1937 948 3634 1079 Creutz auff dem Marckt zu Trier / mit S. Pe⸗
1937 1063 3624 1183 ters güldenem Bildnuß / in rothlechtem Feld /
1936 1172 3624 1297 in Stein gehauen / auffgerichtet / ſo der Stadt
1936 1283 3632 1408 Trier Wappen iſt. Dieſem hat Theodori-
1936 1396 3621 1519 cus, dieſem Egbertus; dieſem Anno 995. Lu-
1935 1506 3620 1629 dulphus und andere / und unter denſelben Cu-
1935 1617 3620 1728 no, oder Cunradus von Pfullingen / ſuccedirt;
1957 1728 3623 1839 welchem Kaiſer Henricus IV. auff Anbrin⸗
1950 1839 3628 1959 gen Ertzbiſchoffs Annonis zu Cölln / hieher /
1951 1949 3631 2072 wider Wiſſen und Willen deren von Trier /
1948 2059 3656 2178 geordnet: Daher die von Trier ihren Præſi⸗
1933 2170 3628 2289 denten Theodoricum, mit andern Fürſten
1933 2278 3621 2386 zur Rach angereitzet / welcher mit einem
1933 2385 3618 2501 Kriegsvolck / bey heiterer Nacht / im Mayen /
1933 2497 3615 2609 dem ankommenden Cunoni und ſeinen Sol⸗
1932 2605 3619 2723 daten / entgegen gezogen / ihn in einem Dorff /
1932 2716 3624 2837 da er geruhet / unverſehens überfallen / geſchla⸗
1932 2830 3625 2946 gen / in die Flucht gejagt / viel gefangen / viel
1931 2941 3650 3048 verwundet / darüber er Cuno, ſelber in böſer
1931 3048 3625 3164 Leute Händ gerathen / die ihn andern / noch är⸗
1931 3162 3627 3274 gern / als ſie / zu verwahren übergeben; welche
1930 3273 3625 3386 ihn bald hernach von einem hohen Felſen herab
1930 3383 3617 3494 geſtürtzet haben / wie in den geſtis Treverenſ.
1930 3493 3617 3608 ſtehet. Aber Scheckmannus in ſeiner Medul-
1929 3603 3619 3715 la ſagt: Daß Cuno von deß Trieriſchen Gra⸗
1929 3714 3624 3828 fen Theodorici Auffwartern in den Wald
1929 3825 3627 3942 geführet / und dreymal von dem Felſen herab
1928 3940 3625 4047 geſtürtzet / aber weil er noch ohne Schaden den
1928 4045 3626 4162 Athem gezogen / mit einem Schwerdt durch⸗
1928 4159 3626 4275 ſtochen / ſein Cörper mit Laub zugedeckt / her⸗
1927 4266 3614 4382 nach gefunden / und in dem Kloſter Tollegio
1927 4378 3621 4490 (Doleia) begraben worden ſeye / und gleich
1927 4492 3622 4602 Wunder gethan hab. Marianus Scotus
1926 4600 3625 4719 ſchreibet in Anno 1604. daß S. Cono, der
1926 4712 3613 4835 Trieriſch Biſchoff an einem wüſten Ort /
1926 4819 3610 4946 dreymal von einem felſichten Berg herunter /
1925 4934 3624 5060 durch Grafen Theodoricum geworffen / und
1925 5040 3616 5174 zu einem Märtyrer worden. Der Graf ſeye
1925 5155 3620 5283 von gedachtem Kaiſer Henrico dem Vierd⸗
1924 5266 3614 5394 ten in die Acht erkläret worden / habe Buß ge⸗
1924 5377 3618 5508 than / und auff Jeruſalem ziehend / ſein Leben
1924 5488 3618 5623 geendet: Es ſeyen auch alle / ſo in deß Cuno-
1924 5596 3608 5727 nis Tod gewilliget / bößlich geſtorben. Ihme
1943 5709 3617 5833 Cunoni hat ſuccedirt Udo, von etlichen Otho
1938 5817 3610 5962 genannt / ſo der LXXVIII. Biſchoff geweſen /
1941 5935 3644 6058 der S. Peters Tempel gar außgebauet hat:
1939 6042 3598 6172 Dem Anno 1078. Egilbertus: dieſem Anno
