3870 6490
1951 458 3656 580 von neuem gebauet / auch andere Gebäu
1952 579 3670 698 zu Trier / und Coblentz geführet / und iſt
1953 698 3670 825 Anno 1212. geſtorben; deme Theoderi-
1954 820 3673 938 cus, ein Graff von Wied / und dieſem
1955 927 3671 1054 Anno 1242. Arnoldus Graff von Iſen⸗
1956 1054 3670 1171 burg ſuccedirt haben: Welcher letzte das
1957 1166 3675 1294 Schloß Billich beveſtiget / und das Schloß
1958 1281 3672 1411 Arr wieder zum Biſtthumb gebracht / und
1959 1403 3668 1532 anders mehr erkaufft / und gethan hat / wie
1978 1529 3666 1646 von ihme / und ſeiner Mutter Bruder /
1978 1645 3662 1769 gedachtem Theodorico, folgende alte Verß
1988 1762 2255 1891 lauten:
1987 1902 3664 2064 Montabur, & Kielburg conſtruxit
2347 2052 2942 2165 Theodericus
1984 2181 3653 2354 Aſt Thurum Arnoldus cepit, dolet
2356 2331 3034 2470 hinc inimicus,
1980 2458 3652 2618 Stoltzenfels firmavit, Bilſtein (alias
2174 2599 3514 2775 Biſchoffſtein) primitiavit,
1975 2742 3658 2896 Hardenfeltz emit, & infeudata red-
2157 2897 2596 3023 emit,
1955 2938 3650 3266 Arram lætatur, quod juri reſtitua-
2342 3193 2696 3305 tur,
1952 3294 3652 3468 Et ne perdatur iterum turri ſolida-
2339 3498 2511 3562 tur.
1980 3593 3650 3742 Commendat Trever, & Confluen-
2159 3755 3094 3882 tia, Te, vir,
1946 3830 3639 4052 Quod ſtant munitæ per multa prius
2315 4031 2823 4143 mala tritæ.
1944 4146 3641 4347 Er Arnoldus iſt Anno 1260. geſtorben.
1942 4302 3643 4472 Nach deſſen Tode Zwyſpalt geweſen / biß
1941 4426 3642 4576 Anno 1262. der Pabſt zu Rom der Trieri⸗
1940 4551 3650 4707 ſchen Kirchen / zu einem Ertzbiſchoffe /
1940 4668 3642 4829 Heinrichen von Finſtingen geben: Deſſen
1941 4775 3648 4957 Widerſacher der Abbt zu S. Matthia lange
1942 4901 3638 5063 Zeit geweſen. Anno 1281. hat dieſer Ertz⸗
1943 5024 3640 5180 biſchoff das Schloß Mailberg / mit der
1944 5142 3644 5324 Caſtenvogtey Witelich / und aller Zuge⸗
1944 5266 3633 5436 hörde / umb 2500. Pfund Trieriſche Pfen⸗
1943 5387 3637 5560 ning gekaufft. Er hat auch das Schloß
1940 5504 3632 5679 Sarburg / die Pfaltz zu Trier / das Pa-
1937 5634 3632 5788 latiolum, Grimberg / Billiche / Mander⸗
1932 5745 3628 5916 ſcheid / Neucaſtel / Marienburg / Eberch⸗
1928 5872 3624 6029 ſtein / Montabur / Hardenfels / die Schlöſ⸗
1925 5992 3628 6153 ſer / mit Saalen / Cammern / und andern
172 466 1972 604 1102. Bruno ſuccedirt / welcher S. Eu-
173 583 1972 711 charii Kloſter / neben Trier / ſo faſt zer⸗
173 693 1973 833 fallen war / gantz wieder zu erbauen befoh⸗
174 805 1973 940 len: Zu welches Zeit auch der Apoſtel S.
174 930 1974 1060 Matthias gefunden worden ſeyn / und er
175 1045 1974 1169 mit ſtetigen Wunderwercken dieſem Ort
175 1164 1975 1292 ſehr auffgeholffen haben ſolle / daher ſol⸗
176 1276 1976 1406 chem Kloſter der Nahm S. Matthiæ Abb⸗
177 1396 1976 1518 tey blieben / ſo der Zeit gar berühmt iſt.
177 1515 1976 1643 Gedachter Biſchoff iſt geſtorben Anno
178 1619 1977 1745 1124. deme Godefridus der LXXXII.
178 1741 1978 1867 Biſchoff / und dieſem Meginherus, und
179 1862 1978 1984 deme Anno 1132. Adelbero gefolgt / wel⸗
179 1980 1979 2100 cher deß Julii Cæſaris Caſtell / Palatio-
180 2095 1979 2215 lum genannt / und nahend der Stadt ge⸗
180 2212 1980 2332 legen / auch ſelbiger Zeit eingefallen / und
181 2329 1980 2451 unbewohnt geweſen / mit vielen Unkoſten /
181 2447 1981 2564 wie auch das neue Schloß / Mercurii
182 2552 1981 2683 Mons genannt / gebauet / das Schloß
182 2677 1982 2804 Rodulphsberg zerſtöret / und anders mehr
183 2793 1982 2923 verrichtet: Darauff er Anno 1152. ge⸗
183 2900 1983 3040 ſtorben / und zum Nachfolger Hillinum
184 3025 1983 3154 verlaſſen / welcher vom Käyſer Friderico
184 3134 1984 3269 dem Erſten / das Kloſter S. Maximin
185 3250 1984 3390 (umb deſſen Caſtenvogtey der vorige Bi⸗
185 3361 1985 3506 ſchoff Adelbero, mit dem Graffen von
186 3471 1985 3626 Namur gekrieget hatte) und das Schloß
186 3588 1986 3743 Schura erlangt / den Thurn im Schloß
187 3714 1986 3863 Triß von Grund auff gebauet / und An⸗
187 3833 1987 3977 no 1169. geſtorben: Deme Arnoldus,
188 3938 1987 4098 der LXXXV. Biſchoff / ſuccedirt / ſo
188 4058 1988 4214 Anno 1183. verſchieden / und erſt Anno
189 4176 1988 4332 1190. zu einem Nachfolger Johannem be⸗
189 4287 1989 4450 kommen / deme der Pfaltzgraff die Caſten⸗
190 4409 1989 4568 vogtey / mit allen Lehenſchafften / und
190 4529 1990 4688 jährlichen Dienſten / ſo in ſolchem Ertz⸗
191 4645 1990 4803 biſtthumb ſein Vorfahr / Pfaltzgraff Con⸗
191 4763 1991 4920 rad gehabt / übergeben. Es hat dieſer
192 4874 1991 5037 Ertzbiſchoff viel Lehenleute / wegen der
192 4990 1992 5157 Schlöſſer Seine / Aldenburg / Starcken⸗
193 5112 1992 5275 burg an der Moſel / Ham / Uhren / Cle⸗
193 5230 1993 5395 reval / Virnenburg / Entzenberg im Craich⸗
194 5347 1993 5509 gäw / bey Pfortzheim / bekommen; das
194 5466 1994 5626 Jus Patronatus der Pfarrkirchen zu An⸗
195 5579 1994 5749 dernach / und den Hoff daſelbſt / mit al⸗
195 5688 1995 5868 len Zugehörden / wie auch den Hoff zu
196 5793 1996 5985 Niedernberg / erkaufft: Das Schloß Grim⸗
196 5922 1996 6135 burg / mitten in ſeinem Gebieth gelegen /
