3870 6490
203 502 1897 646 Gebäuen / ſtatt⸗ und köſtlich renovirt;
199 641 1897 759 auch auff die ein und dreyſſig Lehen er⸗
200 757 1898 877 kaufft / alſo / daß auch die Graffen von
202 871 1897 989 Veldentz / Zweybrück / Sarwerden / ꝛc.
202 989 1899 1107 ſeine Lehenleut worden ſeyn / und iſt An⸗
201 1106 1900 1228 no 1286. geſtorben. Deme aber allererſt An⸗
199 1228 1901 1348 no 1288. Beomundus von Warnesberg
201 1345 1901 1461 ſuccedirt / welcher viel gebauet / unterſchied⸗
201 1461 1901 1587 liche Güter gekaufft / viel Lehen / als
198 1580 1899 1705 den Rheingraffen / denen von Blancken⸗
199 1700 1898 1825 heim / Mailberg / Bruberg / dem Graf⸗
201 1823 1898 1953 fen von Vianen / den Herren von Heis /
204 1954 1898 2078 von Sarbrück (als das Schloß Dagin⸗
204 2077 1898 2209 ſtul / oder Dageſtein:) Item / dem Gra⸗
205 2204 1898 2337 fen von Zweybrück / und Herrn von Kir⸗
202 2327 1900 2459 ckele / den Herren von Manderſcheid /
204 2457 1903 2583 den Graffen von Dietz / und andern / er⸗
205 2578 1904 2710 theilet; auch köſtliche Kirchengezierde / und
204 2704 1909 2835 Biſchoffliche Kirchenkleider / erkaufft / und
206 2832 1909 2968 iſt darauff Anno 1299. geſtorben; und
181 2961 1910 3100 hat zum Nachfolger gehabt Dietherum
213 3084 1911 3225 von Naſſau / Käyſers Adolphi Bruder /
209 3218 1908 3362 ſo Anno 1307. geſtorben; deme Baldewi-
212 3343 1909 3481 nus von Lützenburg / Käyſers Henrici
211 3469 1915 3606 VII. Bruder / ſuccedirt / welcher von ih⸗
214 3601 1914 3739 me / dem Käyſer / unterſchiedliche Privi-
215 3724 1914 3881 legia erlangt; obwoln zuvor / ehe er Käy⸗
216 3856 1919 4000 ſer worden / Er die Stadt Trier / we⸗
219 3980 1920 4134 gen privat Widerwillens gegen dieſelbe /
224 4116 1920 4263 belägert hatte. Gedachter Baldewin / hat
226 4247 1919 4390 auch Sternenberg zuwegen bracht / und
227 4376 1919 4532 Stirberg / nahend Eger / vom Landgraf⸗
227 4506 1919 4653 fen von Leuchtenberg / durch rechtmäſſi⸗
227 4637 1926 4791 gen Kauff / zu einem offenen Lehen ſei⸗
226 4758 1930 4911 ner Kirchen geordnet; das Schloß Bal⸗
231 4893 1931 5043 denſtein an der Lohn / und das Schloß
232 5025 1932 5172 Reichenberg (welches letztere Catzenelebo⸗
236 5154 1935 5310 gen zu Lehen trägt) erbauet / und das
153 5279 1937 5444 Schloß Scadecke zu einem Lehen erkaufft:
239 5420 1938 5564 Auch in dem Convent bey Bacharach er⸗
243 5544 1940 5702 langt / daß er alles ſo vom Reich / Schul⸗
244 5674 1941 5835 den halben / verſetzt / wo er könte / lö⸗
246 5814 1943 5965 ſen möchte: Item / viel Lehen / als das
256 5946 1944 6118 Schloß Kirburg / Wellenſtein bey Creutze⸗
1894 529 3552 669 nach / und Winterburg an / an ſich ge⸗
1894 658 3555 795 bracht / auch den Graffen von Hennen⸗
1894 784 3559 922 berg zum Lehenmann gemacht. Anno
1895 915 3557 1044 1330. hat er Winteraw / und das Schloß
1895 1035 3657 1188 Ruſenberg gebauet: Item / das Schloß /
1896 1172 3581 1302 ſo S. Johannsberg genennet wird / ge⸗
1897 1302 3565 1441 gen Dun gelegen / von Grund auff er⸗
1897 1428 3636 1556 bauet / und ſtarck beveſtiget; auch das
1898 1549 3602 1682 Schloß Velsberg / dem Herrn von Dun
1916 1698 3567 1817 gehörig / und ein Lothringiſch Lehen / be⸗
1919 1828 3569 1944 lagert / ſo er zerbrochen / und hat ihme
1918 1950 3614 2070 Anno 42. der Graff von Bar gehuldet.
1918 2076 3620 2199 Anno 48. hat er das Schloß Vermich
1918 2201 3621 2324 erkaufft / und dem Hertzogen von Gülch /
1919 2334 3575 2454 in deſſen Gebieth es gelegen / Lehenswei⸗
1903 2463 3615 2592 ſe überlaſſen. Im ſelbigen Jahr hat er
1902 2585 3590 2719 auch die Schlöſſer / und Gebieth / Freu⸗
1903 2715 3633 2850 denberg / Freudenſtein / Coppa: Item /
1904 2842 3574 2974 das Schloß / und Herrſchafft Coverna,
1904 2965 3580 3100 gekaufft: Anno 1351. das Caſtell Mon⸗
1905 3101 3643 3223 cler belagert / und erobert / das Schloß
1905 3216 3589 3351 Windeck gekaufft / und dem Graffen von
1906 3360 3628 3479 Berge zu Lehen verliehen / hernach beſagt
1906 3470 3587 3612 Moncler geſchleifft / und ein anders / Sa⸗
1907 3611 3584 3733 reſtein genannt / gebauet / auch das Ca⸗
1908 3733 3644 3871 ſtell Tryß überkommen. Anno 52. hat
1910 3864 3587 3989 er Dun in der Eyffel / zur Ubergab be⸗
1912 3976 3597 4108 zwungen / deſſen letztern Theil er doch
1910 4092 3667 4235 hernach dem Ertzbiſchoff von Cöllen über⸗
1912 4232 3597 4369 laſſen. Uber Rhein hat er Elkershauſen
1913 4362 3603 4498 belägert / angezündet / und zerſtöret / auch
1916 4488 3668 4628 das Schloß Ließheim zerbrochen. Iſt ge⸗
1918 4601 3668 4763 ſtorben Anno 1354. deme Beomundus II.
1921 4751 3608 4893 und dieſem Cuno von Falckenſtein / ſuc⸗
1924 4872 3679 5022 cedirt / welcher den halben Theil an Ster⸗
1927 5010 3611 5152 renberg vom Käyſer Carolo IV. mit en⸗
1929 5132 3618 5281 gerer Verpfändung / für ein groſſe Sum⸗
1932 5256 3600 5407 ma Gelts / erlangt: Und Anno 1388.
1935 5392 3609 5542 geſtorben / deſſen Succeſſor geweſen Ot-
1938 5506 3683 5662 to, ein Graff von Ziegenheim / welcher
1940 5640 3625 5789 das Haupt deß Apoſtels Matthiæ, ſo viel Jahr
1943 5764 3635 5916 in dem Schloß Ehrenbreitſtein auffbehalten /
1946 5902 3622 6060 und in Verwahrung genommen worden /
