3870 6490
1978 385 3653 508 ſcheid / erkaufft / und iſt darauff Anno 1503. im
1978 508 3664 622 79. Jahr ſeines Alters / geſtorben / nachdeme er
1973 617 3663 728 zuvor ſeines Bruders Sohn / Jacobum, zum
1955 730 3656 843 Coadjutore, und Succeſſore, ihme adoptirt
1954 836 3653 953 hatte / welcher Jacobus der Hundertſte Ertz⸗
1952 945 3658 1065 biſchoff allhie geweſen / für welche Zahl
1951 1060 3664 1181 Scheckmann unrecht hundert und eins ſetzet;
1949 1177 3652 1292 iſt Anno 1511. geſtorben / und hat zum Succes-
1948 1281 3659 1398 ſore Reicharden Greiffenkla gehabt / deme
1946 1391 3668 1505 Anno 1522. Frantz von Sickingen den Krieg
1965 1508 3669 1625 angekündet. Ihme hat Anno 1531. ſuccedirt
1954 1617 3645 1726 Johannes III. deß Adelichen Geſchlechts von
1962 1717 3667 1840 Metzenhauſen: Und dieſem An. 1540. Johan-
1960 1841 3650 1953 nes Ludovicus von Hagen: Und dieſem Anno
1939 1949 3646 2066 1547. Johannes IV. ein Graff von Iſenburg:
1937 2062 3664 2175 Und dieſem An. 1556. Johannes a Petra (von
1936 2171 3669 2281 der Leyen) dieſes Namens der Fünffte: Und
1935 2281 3668 2395 dieſem Jacobus III. deß Adelichen Geſchlechts
1933 2394 3671 2503 von Eltz / Anno 1567. Und dieſem Anno 1581.
1931 2495 3673 2628 Johann von Schomburg: Auff welchen An.
1930 2614 3673 2729 1599. Lotharius, deß fürnehmen Geſchlechts
1929 2719 3673 2837 von Meternich / gefolget iſt; ſo deß Kyriandri
1928 2822 3671 2945 Rechnung nach / der hundert und Achte /
1926 2942 3671 3057 deß gedachten Scheckmanni aber; wie auch
1925 3053 3665 3171 Auguſtini Brunnii, der hundert und Neundte /
1923 3162 3673 3274 und deß Miræi, der hundert und Sechſte Ertz⸗
1922 3268 3675 3388 biſchoff allhie geweſen / der vier und zwantzig
1920 3373 3670 3503 Jahr / und drey Monat regiert hat / und An⸗
1919 3496 3668 3615 no 1623. den 7. Septembris geſtorben iſt. Deſ⸗
1918 3600 3659 3724 ſen Succeſſor Herr Philipp Chriſtoph von
1916 3703 3627 3833 Söttern / Biſchoff zu Speyer / und Cammer⸗
1915 3828 3663 3945 richter / worden; Auff welchen Ihro Chur⸗
1913 3929 3669 4052 fürſtliche Eminentz Herr Carl Caſpar von der
1912 4045 3665 4164 Leyen / jetzo noch lebend / gefolget. Sonſten ſe⸗
1931 4159 3665 4274 tzen bißweilen die Scribenten, was die Bi⸗
1909 4267 3665 4395 ſchoffliche Succeſſion anbelangt / andere Na⸗
1907 4383 3651 4502 men; theils auch eine andere Zeit / wann ſie in
1906 4488 3637 4610 ihr Ampt getreten / deßgleichen ſtimen ſie in der
1905 4600 3612 4721 Anzahl mit andern nicht überein. Aubertus
1903 4704 3659 4847 Miræus, in Faſtis Belgicis, handelt fol. 301. ſqq.
1901 4821 3659 4953 von den Ertzbiſchöffen allhie / und wil / daß 26.
1900 4920 3665 5059 Biſchöffe / und / unter denſelben S. Eucharius
1899 5048 3658 5185 der Erſte; hernach Ertzbiſchöffe / und / unter
1897 5155 3657 5293 ſolchen / S. Agritius, der Erſte geweſen. Theils
1895 5272 3661 5401 machen Ludolphum auß Sachſen / der umbs
1894 5374 3660 5518 Jahr 989. regirt habe / zum erſten Churfürſten.
1893 5490 3655 5625 D. L. Wurffbain ſetzet die Churfürſten zu Tri⸗
1891 5610 3655 5736 er / in folgender Ordnung / 1. Cuno, An. 1015.
1889 5722 3658 5861 geſtorben. 2. Udo. 3. Ado. 4. Engelbertus. 5.
1888 5834 3655 5972 Bruno. 6. Godefridus. 7. Meigainherus. 8.
1887 5944 3592 6061 Adelbertus. 9. Hellinus, oder Hellius. 10. Ar-
1886 6060 3604 6185 noldus. n. Joanes. 12. Theodoricus ein Graff
279 387 1954 530 Anno 1422. nach Trier gebracht; und Waſ⸗
285 514 1932 638 ſerbillich deren von Gimnich belägert / erobert
284 628 1951 747 und geſchleifft / zu deſſen Zeit auch die Jüden
287 738 1951 849 von Trier vertrieben worden ſeyn. Iſt An⸗
277 848 1930 968 no 1430. oder / nach Trieriſcher Jahrs⸗Rech⸗
276 964 1929 1080 nung / Anno 1429. den 13. Februarii / geſtor⸗
276 1078 1925 1187 ben. An ſeine ſtatt ſeynd zween erwehlet wor⸗
267 1181 1924 1297 den / die aber beyde der Pabſt verworffen / und
276 1289 1934 1410 Rabanum von Helmſtatt zum Ertzbiſchoff
269 1406 1921 1515 verordnet hat / darüber es dann faſt vier oder
265 1506 1939 1631 fünff Jahr Unruhen geben / die Stadt Trier
266 1618 1938 1736 belägert / und faſt zwey Jahr lang mit Krieg
263 1731 1936 1843 beläſtiget worden. Endlich / behielt gedach⸗
270 1838 1934 1954 ter Rabanus, das Stifft ruhiglich / auſſer / daß
269 1950 1933 2065 er mit dem Graffen von Virnenburg zu thun
267 2062 1931 2174 hatte. Sein Nachfolger war Jacobus von
264 2168 1914 2285 Sirck / welcher Hanſen Hurde von Schoneck/
260 2281 1910 2393 die Schlöſſer / und Städtlein / Hildesheim /
262 2391 1918 2502 Caſtelberg / Manderſcheid / und Schoneck in
259 2498 1907 2611 der Eiffel / Anno 1452. in dreyen Tagen abge⸗
255 2612 1907 2721 nommen. Iſt geſtorben An. 1456. Er hat viel
259 2719 1908 2832 vom Käyſer Friderico IV. begehrt / daher eins⸗
255 2827 1905 2941 mals der Käyſer zu ihm geſagt haben ſolle:
256 2938 1902 3050 Wann ihr nicht werdet ein End am Begehren
257 3051 1901 3157 machen ſo werde ich einen Anfang / das Be⸗
253 3157 1902 3269 gehren euch abzuſchlagen / finden. Ihme hat
253 3268 1896 3371 Johannes, dieſes Namens der Ander / ein
248 3364 1896 3490 Marggraff zu Baden / ſuccedirt / welcher die
251 3483 1892 3600 Schlöſſer / und Herrſchafften / Schoneck in
244 3595 1891 3710 der Eyffel / Kempenich / Dune / ſo verſetzt / von
238 3704 1888 3820 den Graffen von Virnenburg / wie auch einen
240 3814 1891 3930 Theil der Herꝛſchafft Limpurg / wieder gelößt:
244 3920 1898 4042 Die Hohe Schul zu Trier / vom Ertzbiſchoff
238 4036 1901 4148 Jacobo längſt zuvor erlangt / von neuem auff⸗
236 4148 1899 4262 gericht / viel ſchöne Gebäu / ſonderlich auff
239 4255 1884 4370 Ehrenbreitſtein / zu Engers / Dun / Bern⸗Ca⸗
240 4366 1883 4484 ſtel / Sarburg / Kylburg / Schönburg / gefüh⸗
243 4475 1884 4595 ret / die Pfaltz zu Trier herrlich gezieret / wie
239 4583 1881 4706 auch ſeinen Hoff zu Franckfurt / das Caſtell
241 4689 1880 4817 Kerlich / ſo zum jagen / und vogelſtellen be⸗
239 4804 1879 4916 quem / von Grund auff erbauet / das warme
241 4915 1877 5041 Bad zu S. Bertrick / ſo faſt zergangen / wie⸗
237 5025 1871 5153 der gebauet / daſſelbe mit einem ſchönen Hauß /
237 5130 1888 5256 Cammern / Sälen / auch das Bad mit
236 5240 1873 5378 Schwitzſtuben gezieret / und ein ſehr veſte
231 5350 1868 5491 Mauer herumb geführet / das Schloß Bil⸗
232 5464 1880 5599 ſtein belägert / und das Schloß Hunolſtein /
228 5571 1887 5713 ſo ihme / als ein Lehen / nach Abſterben deſſelben
224 5687 1886 5824 letzten Herrn / Nicolai Advocati, angefallen /
221 5791 1886 5938 mit Gewalt eingenommen: Item / die Graff⸗
214 5903 1885 6049 ſchafft Salm in Ardenn / umb zehen tauſend
214 6010 1885 6170 Gülden / von Petern Herren von Reiffer⸗
