3870 6490
75 464 1929 586 von Wied. 13. Arnoldus von Iſenburg. 14.
76 574 1931 708 Henricus von Vinſtingen. 15. Boëmundus
78 684 1932 819 von Wamsberg. 16. Dietherus von Naſſau.
79 801 1933 933 17. Balduinus von Luzenburg / Anno 1321.
80 905 1934 1052 geſtorben. 18. Boëmundus von Saarbruck.
82 1021 1936 1153 19. Cono von Falckenſtein. 20. Wernerus
83 1132 1937 1254 von Königſtein / Anno 1454. geſtorben. 21.
84 1243 1938 1366 Otto von Ziegenheim. 22. Rabanus von
85 1354 1939 1491 Helmſtatt. 23. Jacobus von Sirck. 24. Jo-
86 1462 1940 1597 annes II. ein Marggraff von Baden / ſo An⸗
87 1574 1942 1719 no 1503. geſtorben. 25. Jacobus, auch ein
89 1684 1943 1812 Marggraff von Baden. 26. Richardus von
90 1787 1944 1928 Greiffenklau. 27. Johannes III. von Me⸗
91 1905 1945 2036 tzenhauſen / den Kyriander, in ſeiner Trieri⸗
92 2011 1946 2151 ſchen Chronick / für den 102. Ertzbiſchoffe;
94 2120 1948 2254 beſagter Miræus aber / für den hunderſten Bi⸗
95 2231 1949 2366 ſchoff / und Ertzbiſchoffen / hält. Wer deß
96 2345 1950 2482 Chriſtophori Brouvveri Annales Trevi-
97 2450 1951 2588 renſes (die ich nicht bekommen können) hat /
98 2564 1952 2703 der wird / ſonders Zweiffels / darinn / von einem
100 2675 1953 2825 und andern / guten Bericht finden. Johannes
101 2770 1955 2926 Ludovicus von Hagen. 29. Johannes V.
102 2892 1956 3026 ein Graff von Iſenburg. 30. Johannes a
103 2993 1957 3147 Petra, oder von der Leyen (welcher dem Col-
104 3112 1958 3253 legio der Jeſuiten zu Trier / vom Pabſt / die
106 3225 1959 3370 Einverleibung demſelben / deß Cloſters S. Bar-
107 3330 1961 3481 baræ, zu wegen gebracht / ſo ſie noch beſitzen.)
108 3450 1962 3587 31. Jacobus ab Eltz. 32. Johannes VII. von
109 3555 1963 3704 Schomburg / (al. Schönburg /) der Anno
110 3665 1964 3815 1599. geſtorben. 33. Lotharius von Metter⸗
112 3777 1966 3916 nich / der nach etlicher Meynung / der 36.
113 3886 1967 4037 Churfürſt allhie / ſolle geweſt ſeyn / und wel⸗
114 3994 1968 4146 cher Anno 1623. den 7. Septembris / geſtorbena
115 4107 1969 4259 iſt. 34. Philippus Chriſtophorus von Söt⸗
117 4214 1970 4370 tern / Anno 1565. wie D. Wurffbain berichtet /
118 4327 1972 4477 gebohren / der vorher / im Jahr 1610. Bi⸗
119 4438 1973 4591 ſchoff / und Cammer⸗Richter zu Speyer wor⸗
120 4548 1974 4693 den iſt. Bey ſeiner Regierung / iſt der Teut⸗
121 4660 1975 4819 ſche langwierige Krieg entſtanden / und haben /
123 4774 1976 4924 unter andern Orten / die Schwediſchen / Lim⸗
124 4883 1978 5036 purg an der Löhn / Molßberg / und Camberg /
125 4992 1979 5140 auff dem Weſterwald; und / an der Moſel /
126 5095 1980 5254 die Trieriſche Aempter Zell / und Berncaſtell /
127 5218 1981 5364 überfallen / und faſt den mehrertheil außge⸗
129 5328 1982 5471 plündert. Daher er / der Churfürſt / ſich in
130 5436 1984 5584 Frantzöſiſchen Schutz begeben hat. Als aber /
131 5548 1985 5692 folgender Zeit / etliche Völcker / unter dem
132 5658 1986 5802 Graffen von Embden / die Stadt Trier /
133 5771 1987 5915 durch heimliche Verſtändnüß mit etlichen
135 5881 1989 6023 darinnen / bey nächtlicher weil erobert / und
136 5992 1990 6136 darauff der Churfürſtliche Palaſt geplündert
137 6099 1991 6281 worden; So hat ſich Er / der Herr Churfürſt /
1924 446 3570 572 auff empfangenes Ladſchreiben / von Trier / in
1921 569 3573 679 das Spaniſche Gebiet begeben; auch vom
1917 679 3575 795 Herrn Cardinal Infanten herrlich tractirt /
1911 788 3587 909 und darauff / zum Churfürſtlichen Wahltag /
1915 896 3584 1011 Anno 1636. nacher Regenſpurg / fortgelaſſen;
1912 1002 3573 1120 aber / unterwegs / zu Thonauwerd / den 1. No⸗
1912 1117 3593 1229 vembris / dieſes Jahrs / im Kloſter zum heili⸗
1910 1227 3575 1339 gen Creutz / mitten in der Nacht / von ſeinem
1910 1337 3589 1451 eignen Begleiter / mit gewehrter Hand / über⸗
1909 1439 3583 1561 fallen / und Regenſpurg vorbey / auff Lintz / und
1912 1553 3648 1671 folgends / im Auguſto / Anno 37. nach Wien
1910 1665 3647 1785 gebracht worden; wie hievon im 5. tomo
1911 1773 3576 1894 Theatri Europæi umbſtändlicher zu leſen iſt.
1912 1883 3578 2005 Als hernach der König in Franckreich ſich ſei⸗
1909 1988 3604 2114 ner ſtarck angenommen / und vor deſſen Frey⸗
1911 2102 3600 2222 ſtellung / ſich in keine Friedens⸗Handlung ein⸗
1912 2205 3585 2331 laſſen wollen; So iſt Er endlich ſeiner Ver⸗
1912 2323 3581 2442 hafftung entledigt worden / und Anno 45. den
1922 2431 3580 2551 1. (11.) Maji / von Wien abgereiſt / und den
1916 2539 3585 2664 1. Septembris / Neuen Cal. zu Coblentz an⸗
1915 2645 3587 2771 kommen. Es hatte damaln die Stadt Trier
1915 2755 3582 2879 noch eine Spaniſche Beſatzung; Gleichwol
1917 2862 3594 2991 ſo iſt Er / der Herr Churfürſt / ob Er wol
1917 2968 3591 3102 vom Spaniſchen Commendanten keine Ver⸗
1921 3083 3601 3214 ſicherung deßwegen empfangen / auff Bitte
1920 3195 3615 3319 der Burgerſchafft / auff Trier zugezogen; als
1919 3305 3607 3428 eben der Frantzöſiſche Marſchall von Tourai-
1919 3413 3612 3537 ne, den 4. (14.) Novembris / mit ſeinem
1904 3527 3675 3651 Kriegsvolck darfür angelangt war / auch die
1904 3632 3665 3770 Stadt allbereit mit Sturm angegriffen hatte.
1905 3741 3597 3878 Es erlangte aber der Churfürſt / den Spani⸗
1905 3856 3615 3991 ſchen / einen freyen Abzug; und wichen dar⸗
1906 3970 3603 4094 auff auch die Frantzoſen auß dem gantzen
1906 4074 3607 4207 Churfürſtenthumb; und nahm Er / der Herr
1907 4187 3616 4328 Churfürſt / mit dem beſagten Marſchallen von
1908 4293 3600 4438 Touraine, den 20. Januarii / deß folgenden
1908 4407 3597 4546 46. Jahrs / allhie ſeinen Einzug / und ward /
1910 4510 3601 4655 von Pariß auß / ſtattlich beſchenckt. Es gab
1914 4621 3604 4764 gleichwol auch noch hernach groſſe Unruhe zu
1916 4728 3627 4882 Trier / ſonderlich Anno 49. wegen der Wahl
1916 4845 3606 4986 eines neuen Coadjutoris; indem der Chur⸗
1918 4954 3626 5100 fürſt / und etliche neue Domherren / den Frey⸗
1920 5066 3633 5210 herrn von Reiffenberg; das alte Capitel aber /
1941 5175 3623 5305 den Graff Kratzen haben wolten; welche Her⸗
1941 5288 3611 5423 ren Capitulares ſich auch der Stadt Trier /
1944 5399 3612 5530 und deß gantzen Ertzſtiffts (auſſer der beeden
1944 5505 3643 5649 veſten Schlöſſer / Schönberg / und Schön⸗
1930 5611 3685 5749 eck) bemächtigt / und / wie man geſchrieben /
1948 5726 3642 5866 auch dem Churfürſten eine Wacht / für ſeine
1952 5838 3618 5984 Reſidentz / geordnet haben. Endlich ward Herr
1953 5947 3621 6093 Carl Caſpar von der Leyen / oder a Petra, deß
1953 6062 3611 6243 oben hochgedachten Herrn Ertzbiſchoffs / und
