3870 6490
1822 389 3759 539 do Frehero zu wider iſt; welcher lib. 2. ad
1824 507 3761 654 Petr. de Andlo cap. 1. pag. 164. wil: Daß
1826 623 3762 765 der Churfürſt von Trier / allein durch das Are⸗
1828 727 3764 878 latenſiſche Königreich Ertz⸗Cantzler ſeye; da
1830 840 3766 990 er doch ſich Archi-Cancellarium per Galli-
1832 941 3768 1099 am, & Regnum Arelatenſe ſchreibet / dieweil
1834 1062 3770 1210 vorzeiten gantz Gallien zu dem Corpore Im-
1836 1168 3772 1323 perii gehöret hat / von welchem es aber hernach
1838 1285 3774 1424 gewichen iſt. Daher Guntherus, zun Zeiten
1839 1402 3776 1549 Käyſers Friderici Barbaroſſæ, in Ligurino,
1841 1536 2407 1678 geſchrieben:
1845 1724 3642 1853 At ſimul a noſtro ſeceſſit Gallia regno,
1847 1819 3784 1979 Nos priſcum Regni morem ſervamus, at illa
1849 1962 3630 2131 Jure ſuo gaudet, noſtræ jam neſcia legis:
1855 2155 3790 2303 Daß alſo / in Anſehung der alten Gerechtig⸗
1854 2264 3792 2412 keit vielmehr / als der jetzigen Zeit / da weder
1856 2398 3794 2533 Franckreich / noch das Königreich Arelat zum
1859 2510 3796 2638 gröſten Theil / mehr dem Teutſchen Reich
1860 2630 3797 2747 unterwürffig / dieſes Cancellariat alſo zu nen⸗
1862 2731 3799 2856 nen iſt: Wie dann auch andere der alten Digni⸗
1864 2837 3801 2960 täten Titul behalten / ob ſchon die Sach an ihr
1866 2944 3803 3092 ſelbſt / geändert worden. Es hat das Stifft
1868 3063 3805 3188 Trier ein Käyſerlich Privilegium, daß allein
1870 3177 3807 3302 ſolchem Stifft eröffnete Reichs⸗Lehen ſelbi⸗
1872 3287 3809 3414 gem zufallen ſollen; wie Beſoldus in Theſ.
1874 3402 3811 3521 pract. voc. Reichs⸗Lehen / pag. 656. ſagt; wel⸗
1876 3498 3813 3635 cher auch daſelbſt v. freye Reichs Ritterſchafft /
1878 3613 3815 3740 am 273. Blat / deß erſten Drucks / ſchreibet /
1880 3721 3817 3855 daß die vom Adel / und die gantze Ritterſchafft
1882 3840 3819 3959 im Stifft Trier / ſamt andern Graffen / und
1884 3953 3821 4078 Herren⸗Ständ / ungeacht ſie unſtreitig mit⸗
1886 4066 3823 4185 ten im Stifft Trier / mit ihren Territoriis
1887 4175 3825 4297 begriffen / Ihr Churfürſtlichen Gnaden / der
1889 4291 3826 4412 Landsfürſtlichen Hochheit in ihren Territori-
1891 4397 3828 4521 is nicht geſtändig / ſondern es ſey darüber lis
1893 4514 3830 4632 notorie pendens. Und ſchreibet offt ange⸗
1895 4624 3832 4741 zogener Kyriander / in der Trieriſchen Chro⸗
1897 4729 3834 4851 nick part. 15. fol. 197. & 198. es ſeye offenbar /
1899 4844 3836 4964 daß von dem Flecken Remich / und dem nahge⸗
1901 4940 3838 5075 legenen Waſſer / in einem tractu, faſt fünff
1903 5068 3840 5188 teutſcher Meilen über Trier / der Moſelfluß
1905 5183 3842 5300 in das Gebieth der Lützelburgiſchen Fürſten
1907 5291 3844 5409 gehörig / denen an den Zollgräntzen die Ge⸗
1909 5405 3846 5532 bühr / oder Riparium, erlegt werde: Alſo auch
1911 5517 3848 5638 unterhalb Trier / thun die Graffen von Span⸗
1913 5626 3850 5751 heim in ihrem gantzen Gebieth / was neben
1915 5729 3852 5865 Moſel / und weiters ſich erſtrecket / dem Ertzbi⸗
1917 5847 3854 5974 ſchoff zu Trier / kein Herrſchafft über den Fluß
1919 5961 3856 6085 geſtatten; ſondern ſchreiben dieſelbe ihnen /
1921 6065 3858 6214 auß uraltem Gebrauch und Ubung / zu. So
233 441 1897 592 Churfürſtens / Johannis a Petra, Vetter / zum
230 547 1900 690 Coadjutore, und künfftigen Ertzbiſchoff er⸗
192 661 1904 806 wehlt / den auch der Pabſt beſtättiget / und die
213 770 1910 919 Käyſerliche Beſatzung auff Ehrenbreit⸗ oder
225 882 1906 1027 Hermanſtein / Ihme / ſelbige Veſtung Anno
227 996 1904 1137 50. eingeantwortet haben. Anno 1652. den 7.
234 1101 1902 1246 Januarii / ſtarb endlich Er / der Herr Chur⸗
241 1215 1928 1354 fürſt / Philippus Chriſtophorus, in hohem
178 1315 1932 1464 Alter / und trat hierauff im Mertzen / gemeld⸗
203 1421 1935 1571 ten Jahrs / hochernannter Herr Carolus Ca-
241 1531 1938 1686 ſpar, in die Churfürſtliche Regierung; befand
239 1643 1941 1793 ſich auch / gegen dem Ende ſelbigen Jahrs / mit
240 1751 1945 1895 andern Herren Churfürſten / zu Prag; und
251 1860 1945 2008 wohnte folgends Anno 53. zu Augſpurg / und
253 1969 1947 2119 Regenſpurg / der Wahl⸗ und Crönung deß
250 2084 1948 2226 Römiſchen Königs / Herrn / Herrn Ferdinan-
249 2187 1956 2336 di IV. bey; und / nachdem Ihre Churfürſtliche
247 2301 1958 2449 Eminentz ſich wieder nach Hauß begaben / hin⸗
249 2406 1958 2556 terlieſſen ſie etliche dero Räthe / in beſagtem
253 2520 1952 2667 Regenſpurg / dem Reichstag daſelb beyzuwoh⸗
252 2628 1951 2774 nen. Es haben auch Ihre Churfürſtliche Emi⸗
228 2737 1950 2879 nentz der Wahl und Crönung der jetzigen / und
253 2847 1945 2993 Gott gebe noch lange / Regirenden Käyſerli⸗
256 2963 1929 3104 chen Majeſtät / Leopoldi, zu Franckfurt /
241 3071 1927 3208 Anno 1658. beygewohnet. Es iſt dieſes Ertz⸗
228 3182 1928 3316 biſtumbs Monatlich einfacher Reichs⸗An⸗
256 3289 1929 3425 ſchlag / nach der Anno 1545. beſchehenen
255 3403 1930 3541 Moderation / 40. zu Roß / und 184. zu Fuß /
243 3513 1948 3645 oder an Gelt 1216. fl. Zu Unterhaltung deß
238 3619 1948 3754 Cammergerichts zu Speyer / finde ich / nach
258 3736 1949 3867 Erhöhung der alten Gebühr / noch Jährlich
266 3846 1926 3972 500. fl. / ſo hochgemeldtes Ertzſtifft zu geben
266 3951 1926 4084 haben ſolte. Es ſeyn unter deß Ertzbiſchoffs
258 4075 1929 4189 zu Trier Geiſtlichen Jurisdiction, der Bi⸗
247 4182 1929 4309 ſchoff von Metz; der zu Verdun / und der zu
253 4292 1930 4406 Tull an der Moſel hiebevor geweſen. Er hat /
271 4400 1930 4521 als ein Churfürſt deß Reichs / bey der Wahl
275 4514 1934 4626 eines Römiſchen Käyſers / die erſte Stimm /
275 4625 1941 4736 und gehet dem Churfürſten von Cölln vor; die⸗
276 4735 1942 4845 weil Franckreich / vor Italien / deſſen Ertz⸗
270 4843 1940 4964 Cantzler der von Cölln iſt / zum Teutſchen
281 4950 1942 5071 Reich kommen / und dahero würdiger / als Ita⸗
220 5065 1940 5182 lia / zu halten angefangen worden iſt / wie auch
247 5172 1942 5293 darumb / weiln Trier ein älters Biſthumb / als
268 5281 1961 5442 Cöllen / hat; als welches Trierisch von S. Pe-
255 5391 1961 5513 tro ſelbſten / durch S. Eucharium, wie oben ge⸗
230 5504 1943 5625 ſagt iſt / angerichtet worden ſeyn ſolle: Daher
284 5614 1963 5734 auch Trier das andere Rom / und der Biſchoff
287 5707 1936 5846 S. Petri Erb genannt wird / wie hievon / neben
297 5831 1939 5960 Arumnæo de Comitiis Imperii, inſonderheit
286 5941 1939 6075 Limnæus de Jure publico lib. 3. cap. 5. & lib.
278 6053 1935 6209 7. cap. 48. zu leſen / daſelbſt Er auch Marquar-
