3870 6490
184 411 1866 555 habe es auch in den Gräntzen deß Trieriſchen
186 518 1862 654 Ertzbiſthums viel Gruben / von Silber / Ertz /
184 634 1868 769 Bley / und Eiſen / die doch ihre Herren haben /
186 751 1864 869 und der Trieriſchen Kirchen mitnichten unter⸗
183 851 1864 989 worffen ſeyen / ꝛc. Sonſten ſeyn die Gräntzen
191 965 1886 1098 dieſes Ertzbiſthums / von Mitternacht die
186 1069 1887 1209 Graffſchafft Naſſau / das Hertzogthumb
184 1181 1888 1321 Berg / und das Biſthumb Cölln: Von Mor⸗
186 1283 1890 1437 gen das Rheingäw / und Heſſen: Von Mit⸗
188 1402 1891 1542 tag Weſterich / und das Hertzogthumb Zwey⸗
186 1513 1893 1642 brücken; Und vom Abend das Hertzogthumb
189 1624 1894 1755 Lützenburg. Iſt an etlichen Orten übel ge⸗
187 1730 1895 1866 bauet / aber gegen dem Rhein / und der Moſel /
191 1845 1896 1982 zimlich fruchtbar. Sonderlich iſt es ein gu⸗
194 1946 1895 2098 tes Fiſchland; und hat zween groſſe / den Ul⸗
195 2064 1894 2204 mer⸗ und Laichener⸗See / in welchen ſchöne
195 2174 1896 2308 Stein / ſo den Smaragden / und Hyacinthen /
197 2282 1897 2428 ſich vergleichen / gefunden werden. Es gibt
198 2392 1896 2533 auch herrliche Ertz⸗ Silber⸗ Bley⸗ und Eiſen⸗
199 2501 1895 2645 gruben; wie auch Geſund⸗Bäder für allerley
197 2611 1903 2751 Kranckheiten darinn: Item / Sauerbrunnen /
203 2712 1906 2852 deren einer bey der Stadt Trier / ſo dem Ma⸗
204 2830 1905 2975 gen gar dienlich / und anmuhtig zu trincken:
207 2937 1910 3086 Ingleichem ein Meil Wegs von der Stadt /
208 3050 1912 3184 an der Moſel / im Dorff Longwick / und ſon⸗
208 3159 1912 3308 ſten hin und wieder zwiſchen Trier / und Cob⸗
211 3271 1913 3409 lentz. Hergegen iſt der Lufft trüb / und was
213 3377 1913 3522 ungeſund: Es hat da groſſe dicke Wälder /
214 3485 1911 3635 nicht allein unterhalb Trier / gegen dem Fluß
215 3599 1918 3744 Naha; ſondern auch oberhalb / und an dem
218 3704 1920 3853 Waſſer Sura. Dann es wird hieher die Eyf⸗
218 3821 1919 3970 fel: (wiewol ſolche Landſchafft auch andere
222 3927 1922 4077 Herrn zum theil hat /) Item / die Graff⸗ und
228 4038 1926 4184 Herrſchafften / Manderſcheid / Bilſtein /
224 4151 1927 4292 Ulm / und andere mehr / gerechnet. So ligen
224 4258 1929 4409 auch herumb die Graffſchafften Blancken⸗
227 4367 1930 4524 heim / Arnsberg / Nuenar / Reifferſcheid / und
228 4478 1930 4627 andere: Item / der Arduenner / ſonſten Eider⸗
230 4593 1933 4730 und Eberswald genannt. Und wie Voſſius de
235 4703 1935 4836 Latinis Hiſtoricis lib. 2. berichtet / ſo ligen in
235 4814 1936 4952 der Trieriſchen Diœceſi auch die zwey Mans⸗
235 4924 1937 5065 Abbteyen Schonaugia, und zu S. Florino, da⸗
236 5029 1939 5179 ſelbſt er auch am 301. Blat deß Kloſters Blei⸗
237 5144 1939 5290 denſtatt / oder Lætantium Cœnobii, geden⸗
241 5258 1920 5398 cket / dahin S. Lullus deß H. Ferrutii Cörper
244 5371 1920 5508 verſetzt hat. So viel von Trier / dabey wir
243 5478 1919 5621 ſchließlichen ungemeldet nicht können laſſen /
247 5595 1919 5731 daß dieſe alt⸗berühmte Stadt / in dem noch
249 5702 1920 5845 währenden Krieg ſehr viel außgeſtanden / dann
250 5814 1924 5958 Anno 1673. muſte ſie ſich nach außgeſtandener
198 5930 1925 6061 nicht gar 14. Tägiger Belagerung / an die
254 6046 1925 6177 Frantzoſen ergeben / und zwar am 8. Septem-
1889 388 3578 518 bris N. C. da dann noch ſelbigen Tages / die
1889 502 3581 625 darinn gelegene Churfürſtliche Völcker mit
1894 612 3579 740 offenem Trommelſchlag / brennenden Lunten /
1891 722 3576 853 und fliegenden Fahnen / dem Accord gemäß /
1911 836 3575 958 außgezogen / und nach Coblentz gefahren / hin⸗
1912 943 3572 1069 gegen wurde die Stadt mit 2000. zu Fuß / und
1916 1047 3677 1182 400. Reutern beſetzt / und muſte ſie ihre Glo⸗
1914 1159 3584 1285 cken mit 8000. Reichsthalern löſen / es ward
1911 1270 3580 1397 auch viel Wein und anderer Vorrath darauß
1915 1377 3581 1514 nach Metz geführet. Anno 1674. am 10. De-
1917 1489 3652 1622 cembris machten die Frantzoſen den Anfang /
1915 1605 3576 1732 in der Domherrn Höfen / wie auch in der jeni⸗
1914 1711 3579 1843 gen Herrn Häuſſern / ſo ſich anderswohin in
1915 1822 3582 1950 Sicherheit begeben / alles zu confiſciren / und
1913 1933 3600 2061 die Wein und Früchte herauß zu nehmen / der
1915 2038 3587 2169 Bürgerſchafft zu geſchweigen / welche neben
1915 2149 3670 2276 der ſchweren Einquartirung und Frohnen / mit
1917 2256 3686 2392 groſſen Geldpreſſuren je länger je härter be⸗
1920 2356 3590 2500 ſchweret worden / daß ſie es ſchier nicht mehr
1914 2466 3590 2607 außdauren können / welches dann verurſacht /
1919 2580 3596 2717 daß ſich mehr als 100. Bürger heimlich auß
1923 2689 3597 2821 der Stadt gemacht / welche nach den allgemach
1925 2798 3599 2938 herauß gepreßten Geldern / keine Lebensmittel
1929 2905 3664 3045 mehr gehabt. Es muſte die Burgerſchafft alle
1934 3027 3599 3145 Monat Eilfftauſend Reichs⸗Thaler erlegen:
1934 3124 3602 3266 Zu deme hauſeten die Engelländer / ſo nebenſt
1933 3236 3607 3368 den Frantzoſen in der Stadt lagen / noch ärger
1933 3344 3612 3475 als dieſe / dann ſie nicht allein die Leute mit
1937 3455 3612 3590 Schmäheworten übel gehalten / ſondern auch
1939 3567 3606 3697 mit Schlägen dergeſtalt tractiret / daß man⸗
1919 3669 3606 3811 cher gezwungen worden Hauß und Hoff zu
1940 3786 3626 3918 verlaſſen. Und weil ſich die Frantzoſen einer
1942 3884 3649 4032 Belagerung beſorgten / deßwegen ward die
1922 4011 3604 4138 Beſatzung wieder auff 2000. zu Fuß und 400.
1923 4118 3612 4258 Reuter verſtärcket / Indeſſen iſt die Stadt der⸗
1924 4212 3614 4369 geſtalt ruiniret worden / daß man ſie faſt nicht
1925 4333 3647 4477 mehr kennet / das Kloſter S. Maximini liget
1926 4437 3629 4586 dem Erdboden gleich / die Carthauſe iſt gantz
1927 4543 3629 4703 abgebrochen / und die Kirche im Rauch auff⸗
1929 4660 3624 4814 gangen / die Pauliner Kirche / welche vor mehr
1932 4775 3635 4920 als 1300. Jahren erbauet geweſen / iſt an drey⸗
1932 4884 3622 5023 en Orten mit ſo viel Minen / dem Königlichen
1933 4977 3640 5141 Schwediſchen Ambaſſadeur, Herrn Graff
1936 5100 3639 5252 Totten zu Ehren / geſprenget worden. Ja es
1936 5219 3630 5357 haben ſich die Frantzoſen nicht geſcheuet / der
1934 5316 3641 5476 Heiligen Ruheſtätte / von welchen die Barba⸗
1935 5429 3640 5577 ren ſelbſt die Hände zurück gezogen / ja gar der
1936 5533 3630 5699 H. H. Märtyrer Gebeine dergeſtalt zu profa-
1940 5661 3631 5806 niren und zu verunehren / daß deß Commen-
1939 5759 3652 5917 danten Vignori Soldaten dieſelbe mit Füſſen
1939 5879 3629 6025 getreten / endlich ſich mit geworffen und ge⸗
1940 5975 3696 6139 ſchlagen. In dieſem 75. Jahre iſt die Stadt
