3870 6490
2179 2048 3676 2177 über Auſonii Moſellam, am eilfften
1971 2176 3677 2293 Blat / Caſtellum Tabernarum, und vielleicht
1973 2289 3674 2400 vorzeiten Tabernæ, genannt / Stadt / und
1972 2391 3671 2528 Schloß / zwiſchen Veldentz / und Trarbach /
1969 2508 3672 2625 an der Moſel / gelegen / davon in der Trieri⸗
1968 2618 3671 2755 ſchen Chronick ſtehet / daß Biſchoff Heinrich
1968 2738 3670 2865 von Finſtingen / Anno 1277. das Schloß zu
1970 2836 3666 2973 Berin⸗Caſtell gebauet / und Biſchoff Beo-
1971 2959 3668 3099 mundus von Warnesberg / ſo Anno 1299. ge⸗
1972 3066 3667 3194 ſtorben / daſſelbe mit Sälen / Cammern /
1970 3167 3666 3322 Mauren / Thürnen / und Bruſtwehren / auch
1966 3294 3664 3430 unterſchiedlichen bequemen Gebäuen / gezie⸗
1963 3405 3662 3542 ret; und vom Käyſer Rudolpho, durch Bitt /
1963 3517 3662 3647 erlangt habe / daß er Berin⸗Caſtell / oder Bern⸗
1962 3618 3661 3773 Caſtell / auß Königlicher Macht / mit der Frey⸗
1961 3746 3659 3885 heit begabt habe; wie ſonſten die Königliche
1960 3839 3658 4001 Magniſicentz / die Städte in die Freyheit zu
1960 3966 3655 4102 ſetzen pflege. G. Braun ſchreibet im fünfften
1959 4078 3649 4229 Theil ſeines Städtbuchs / daß die Privilegia,
1959 4193 3653 4333 ſo gemeldter Biſchoff Boemundus dieſem
1958 4296 3650 4451 Ort geben / von den Käyſern Rudolpho,
1957 4414 3650 4551 Adolpho, und Alberto, ſeyen confirmirt wor⸗
1957 4524 3648 4678 den: Und ſagt: Daß dieſe Stadt umbs Jahr
1956 4626 3644 4769 Chriſti 1000. in einen Beruff zu kommen an⸗
1956 4749 3645 4888 gefangen / als Biſchoff Poppo von Trier / die
1955 4859 3644 5001 Straſſenräuber von dannen vertrieben / den
1954 4966 3641 5124 Ort zerſtöret / und vertilget habe. Bey Re⸗
1953 5089 3640 5226 gierung Käyſers Friderici I. ſeye er von dem
1953 5192 3638 5354 Graffen von Caſtel eingenommen / und durch
1952 5307 3636 5462 Erbauung eines Schloſſes / beveſtiget wor⸗
1951 5424 3635 5575 den: So aber bald wiederumb Biſchoff Jo-
1951 5536 3634 5692 hannes von Trier erobert / und den Schaden /
1950 5650 3631 5791 ſo in währender Belägerung / die Gebäu be⸗
1949 5763 3630 5910 kommen / erſetzet / und alſo Bern⸗Caſtel im
1949 5866 3628 6021 Flor biß auffs Jahr 1277. geſtanden; zu wel⸗
1968 5994 3627 6137 cher Zeit / da das Schloß wieder zu fallen an⸗
1954 6103 3627 6240 fienge / Biſchoff Henricus, wie obengemeldt /
942 2822 1369 3006 Alcken.
2003 1949 3674 2064 Om Frehero in ſeinem Commentario
824 3719 1401 3906 Arenſtein.
470 3160 1952 3274 Meyenfeld / aber auff der andern Seiten /
284 3271 1948 3382 und an der Moſel gelegen; Wird in den
286 3386 1948 3497 Schrifften ein Städtlein und Schloß genen⸗
280 3490 1962 3625 net / aber / weme ſolcher Ort gehörig / nicht dar⸗
280 3611 649 3741 zu geſetzet.
2459 1719 3251 1909 Bern⸗ Caſtel.
1979 361 3759 489 Herrſchafft Winnenberg gehöre / welcher letz⸗
1980 473 3759 595 teren Meynung vielleicht die beſte; weiln in
1980 585 3759 704 dem Reichs⸗Abſchied des 1641. Jahrs / Herr
1980 700 3759 821 Emerich / Freyherr von Metternich / Herr zu
1980 816 3760 929 Königswart und Königsberg / deß hohen Ertz⸗
1981 927 3760 1046 ſtiffts Trier Thumb⸗Scholaſter, Käyſerli⸗
1981 1036 3760 1157 cher General-Wachtmeiſter und Oberſter /
1981 1156 3760 1271 deßwegen geſetzt wird / weiln er Herr zu Win⸗
1981 1266 3761 1382 nenberg und Beilſtein / damals geweſen. So
1982 1379 3761 1498 fern nun ſolcher Ort ſolte Winnenbergiſch
1982 1494 3761 1635 ſeyn / ſo gehörte er / mit ſeinem Herrn / zum
1982 1605 2939 1741 Weſtphäliſchen Kreyß.
307 5842 1944 5989 Brempt / ſo Leodius ein Städtlein und
272 5938 1942 6104 Schloß nennet. Theils ſagen / es ſeye Trie⸗
272 6065 1940 6215 riſch; theils / Naſſauiſch; theils / daß es zur
292 349 1954 498 von denen Käyſerlichen und Reichs⸗Alliirten
297 480 1956 609 wieder belagert worden; es hat ſich zwar der
300 598 1958 718 Marſchall de Crequy unterſtanden / die
300 707 1953 827 Stadt zu entſetzen / iſt aber bey der Contzinger⸗
297 817 1955 943 Brück an der Saar gäntzlich geſchlagen wor⸗
295 934 1953 1051 den; darauff er ſich / mit etwa 15. Pferden / in
294 1041 1954 1172 Trier geworffen / der Meynung allda beſſere
299 1150 1949 1277 Ehre einzulegen / und ſeinen Fehler und Ver⸗
294 1263 1951 1393 luſt in etwas zu erſetzen. Es iſt ihm aber auch
241 1375 1947 1503 dieſes mißlungen / indeme er ſich / an ſtatt ver⸗
286 1490 1950 1620 hofften Ruhms / Glori und Reputation, ſamt
284 1604 1944 1722 der Frantzöſiſchen Guarniſon / noch in 3000.
284 1719 1948 1827 Mann mit der Cavallerie beſtehend / ohne was
289 1827 1946 1947 davon zeit währender Belagerung geblieben /
284 1936 1948 2058 ſo ſich auff 1800. Mann belaufft / als Kriegs⸗
287 2051 1947 2170 gefangene auff Gnad und Ungnad Freytags
285 2155 1951 2287 den 27. Aug. 6. Septembr. ergeben müſſen /
281 2275 1952 2388 welches von einem Marechal de France nie⸗
282 2378 1955 2508 mal ſol erhöret ſeyn worden. Der Commen-
288 2490 1953 2621 dant Vignori iſt in währender Belagerung
289 2605 1951 2752 von dem Pferd geſtürtzt / und hat den Halß ge⸗
287 2724 792 2832 brochen.
288 3930 1962 4068 S gibt ein Scribent dem Ertzſtifft Trier
249 4042 1964 4175 ein vornehmes Præmonſtratenſen⸗Klo⸗
248 4149 1963 4285 ſter / Nahmens Arenſtein / in dem Longöw /
248 4278 1962 4397 wo der Bach Aura gegen über in die Lon oder
247 4390 1962 4510 Longanam falle / gelegen / ſo Graff Ludwig
246 4501 1961 4622 von Arenſtein / der Anno 1185. geſtorben / ge⸗
245 4603 1960 4732 ſtifftet / und darzu ſein Schloß hergegeben ha⸗
245 4722 1959 4844 be. In der Topographia Haſſiæ wird eines
244 4821 1959 4958 Arenſteins gedacht / und findet ſich in einer
243 4942 1958 5071 Landtaffel / nahend Naſſau / im beſagten Lon⸗
242 5056 1957 5174 göw / und nicht ſonders weit von den Trieri⸗
242 5162 1956 5298 ſchen Stadt Montabaur / ein Arenſtein. Ob
241 5277 1956 5439 es aber eben dieſes Kloſter ſeye / daran erman⸗
240 5391 1033 5520 gelt mehrer Bericht.
836 5500 1374 5700 Beilſtein.
270 5723 1927 5866 N der Moſel / zwiſchen Cochheim und
463 3045 1969 3181 Icht weit von der Stadt Münſter im
