<PcGts xmlns="http://schema.primaresearch.org/PAGE/gts/pagecontent/2019-07-15" xmlns:xsi="http://www.w3.org/2001/XMLSchema-instance" xsi:schemaLocation="http://schema.primaresearch.org/PAGE/gts/pagecontent/2019-07-15 http://schema.primaresearch.org/PAGE/gts/pagecontent/2019-07-15/pagecontent.xsd">
  <Metadata>
    <Creator/>
    <Created>2021-08-24T08:00:57</Created>
    <LastChange>2023-01-10T12:26:19</LastChange>
    <Comments/>
  </Metadata>
  <Page imageFilename="0122.png" imageHeight="6490" imageWidth="3870">
    <ReadingOrder>
      <OrderedGroup id="g3">
        <RegionRefIndexed index="0" regionRef="r11"/>
        <RegionRefIndexed index="1" regionRef="r12"/>
        <RegionRefIndexed index="2" regionRef="r8"/>
        <RegionRefIndexed index="3" regionRef="r9"/>
        <RegionRefIndexed index="4" regionRef="r15"/>
        <RegionRefIndexed index="5" regionRef="r1"/>
        <RegionRefIndexed index="6" regionRef="r10"/>
        <RegionRefIndexed index="7" regionRef="r16"/>
        <RegionRefIndexed index="8" regionRef="r2"/>
        <RegionRefIndexed index="9" regionRef="r3"/>
        <RegionRefIndexed index="10" regionRef="r4"/>
        <RegionRefIndexed index="11" regionRef="r17"/>
        <RegionRefIndexed index="12" regionRef="r5"/>
        <RegionRefIndexed index="13" regionRef="r6"/>
        <RegionRefIndexed index="14" regionRef="r18"/>
        <RegionRefIndexed index="15" regionRef="r7"/>
        <RegionRefIndexed index="16" regionRef="r13"/>
        <RegionRefIndexed index="17" regionRef="r14"/>
      </OrderedGroup>
    </ReadingOrder>
    <TextRegion id="r1" orientation="0.375" type="paragraph">
      <Coords points="211,3842 211,3258 374,3267 379,3186 1902,3172 1904,3842"/>
      <TextLine id="l1">
        <Coords points="207,3192 206,3191 205,3056 206,3056 211,3056 211,3056 211,3063 211,3064 1228,3057 1228,3057 1228,3065 1229,3066 1903,3061 1903,3062 1904,3173 1904,3173 211,3185 211,3185 211,3191 211,3192"/>
        <TextEquiv index="0">
          <Unicode>S &#383;chreibet D. Rulandus in &#383;einem Buch</Unicode>
        </TextEquiv>
        <TextEquiv index="1">
          <Unicode>S&#383;chreibet D. Rulandus in &#383;einem Buch</Unicode>
        </TextEquiv>
      </TextLine>
      <TextLine id="l2">
        <Coords points="732,3292 731,3291 730,3291 729,3290 729,3279 728,3278 207,3282 207,3281 206,3192 207,3192 776,3188 777,3187 1325,3183 1325,3183 1325,3180 1326,3179 1700,3177 1701,3176 1723,3176 1724,3175 1904,3173 1904,3174 1905,3278 1904,3278 769,3286 769,3286 769,3287 768,3288 768,3289 766,3291 736,3291 735,3292"/>
        <TextEquiv index="0">
          <Unicode>von Wa&#383;&#383;erb&#228;dern / da&#223; die Wa&#383;&#383;er zu</Unicode>
        </TextEquiv>
        <TextEquiv index="1">
          <Unicode>von Wa&#383;&#383;erb&#228;dern / da&#223; die Wa&#383;&#383;er zu</Unicode>
        </TextEquiv>
      </TextLine>
      <TextLine id="l3">
        <Coords points="208,3409 208,3408 207,3282 207,3282 210,3282 211,3282 211,3299 211,3300 258,3299 258,3298 303,3298 305,3299 308,3299 309,3300 313,3300 317,3304 317,3305 319,3307 320,3307 321,3308 325,3308 326,3309 327,3309 330,3312 330,3322 331,3323 359,3323 360,3322 363,3322 364,3321 379,3320 380,3319 419,3319 423,3315 425,3315 426,3314 430,3314 431,3316 431,3320 432,3320 447,3320 448,3321 485,3321 485,3320 485,3310 486,3309 486,3307 487,3306 487,3305 488,3304 488,3303 489,3303 492,3303 494,3305 494,3320 495,3321 506,3321 507,3320 509,3320 510,3321 573,3320 574,3321 703,3320 703,3320 703,3319 708,3314 708,3313 709,3312 742,3312 742,3312 742,3307 743,3306 743,3304 745,3302 747,3302 748,3303 749,3303 749,3304 749,3305 750,3306 750,3319 751,3319 761,3319 762,3318 763,3318 764,3317 792,3317 793,3318 845,3317 845,3317 845,3314 846,3313 846,3312 847,3311 847,3309 849,3307 850,3307 851,3306 851,3304 853,3302 853,3301 854,3300 856,3300 858,3298 863,3298 864,3297 867,3297 867,3296 870,3296 871,3295 874,3295 875,3294 883,3294 884,3295 888,3295 889,3296 894,3296 896,3297 898,3297 899,3298 927,3298 929,3300 929,3316 930,3317 983,3316 983,3316 983,3306 984,3305 984,3304 985,3303 985,3302 988,3299 990,3299 991,3301 991,3302 992,3303 992,3316 993,3316 1073,3316 1075,3314 1078,3314 1078,3313 1078,3301 1079,3300 1079,3299 1080,3299 1102,3299 1106,3294 1107,3294 1108,3293 1115,3293 1116,3294 1117,3294 1118,3295 1164,3294 1165,3295 1169,3295 1171,3296 1173,3296 1174,3298 1174,3299 1176,3301 1176,3315 1177,3315 1218,3315 1221,3312 1305,3311 1305,3311 1305,3310 1307,3308 1307,3307 1308,3306 1308,3305 1310,3303 1310,3302 1311,3301 1311,3300 1314,3297 1314,3296 1318,3292 1318,3291 1318,3290 1319,3290 1323,3286 1325,3286 1326,3285 1328,3285 1329,3284 1338,3284 1339,3283 1355,3283 1356,3284 1359,3284 1361,3286 1372,3286 1378,3291 1378,3292 1378,3293 1381,3295 1383,3295 1385,3297 1385,3298 1386,3299 1433,3299 1435,3296 1435,3295 1436,3295 1437,3295 1437,3294 1438,3293 1439,3292 1440,3292 1441,3291 1442,3291 1443,3290 1445,3290 1447,3288 1448,3288 1449,3287 1452,3287 1453,3288 1490,3288 1491,3289 1492,3289 1495,3292 1495,3293 1496,3294 1496,3308 1497,3308 1523,3308 1524,3307 1543,3307 1544,3306 1545,3306 1546,3304 1546,3303 1547,3303 1548,3303 1549,3302 1551,3302 1552,3301 1590,3301 1590,3300 1590,3298 1591,3298 1593,3297 1594,3298 1640,3298 1641,3297 1644,3297 1645,3299 1645,3304 1646,3304 1673,3304 1674,3305 1678,3305 1678,3305 1678,3306 1679,3307 1753,3306 1754,3305 1766,3305 1766,3305 1766,3303 1767,3302 1767,3297 1768,3296 1768,3294 1770,3291 1771,3291 1775,3287 1776,3287 1777,3286 1778,3286 1779,3285 1781,3285 1782,3284 1784,3284 1785,3285 1785,3287 1785,3287 1836,3287 1837,3286 1839,3286 1840,3285 1842,3286 1842,3287 1842,3288 1844,3288 1846,3289 1846,3304 1847,3305 1884,3305 1887,3302 1889,3302 1891,3300 1903,3299 1903,3299 1903,3279 1903,3278 1904,3278 1905,3279 1906,3387 1905,3387 1903,3387 1903,3387 1903,3376 1902,3375 1854,3376 1851,3379 1849,3379 1848,3380 1842,3380 1841,3379 1840,3379 1838,3377 1837,3377 1836,3375 1836,3373 1835,3372 1834,3362 1834,3362 1775,3362 1773,3364 1772,3364 1771,3365 1770,3365 1768,3363 1697,3364 1696,3364 1697,3370 1695,3372 1695,3371 1694,3362 1694,3362 1644,3362 1643,3363 1644,3379 1643,3379 1641,3379 1640,3380 1635,3380 1634,3379 1632,3379 1630,3377 1629,3377 1629,3377 1629,3376 1628,3375 1628,3374 1627,3373 1627,3372 1626,3371 1625,3370 1624,3369 1624,3366 1623,3365 1623,3361 1622,3360 1622,3359 1621,3358 1621,3354 1620,3353 1620,3351 1620,3350 1574,3351 1573,3351 1573,3353 1571,3355 1571,3356 1570,3357 1570,3359 1569,3360 1569,3364 1568,3365 1568,3366 1567,3367 1567,3368 1566,3370 1565,3370 1564,3371 1563,3371 1563,3371 1563,3372 1562,3373 1561,3373 1561,3372 1560,3367 1560,3367 1513,3367 1512,3368 1481,3368 1479,3370 1480,3389 1479,3390 1479,3391 1478,3391 1462,3391 1462,3391 1461,3370 1461,3369 1444,3369 1443,3369 1443,3368 1441,3365 1373,3366 1371,3368 1370,3368 1369,3369 1366,3369 1364,3371 1363,3371 1362,3372 1358,3372 1357,3373 1355,3373 1354,3374 1353,3374 1352,3375 1344,3375 1343,3374 1338,3374 1337,3373 1334,3373 1332,3371 1330,3371 1329,3370 1328,3370 1327,3369 1325,3369 1322,3366 1320,3366 1319,3365 1295,3365 1294,3366 1295,3377 1292,3379 1292,3379 1291,3366 1291,3365 1273,3366 1272,3367 1271,3367 1268,3370 1267,3370 1265,3372 1261,3372 1260,3371 1212,3371 1211,3372 1189,3372 1189,3373 1189,3382 1188,3383 1188,3388 1187,3388 1183,3388 1182,3389 1181,3389 1180,3390 1178,3390 1177,3391 1174,3391 1173,3390 1171,3390 1167,3386 1167,3378 1166,3377 1101,3378 1101,3378 1101,3386 1099,3388 1097,3388 1096,3389 1094,3389 1093,3387 1093,3374 1092,3374 1069,3374 1069,3373 1069,3372 1067,3371 1012,3371 1010,3373 978,3374 976,3376 975,3376 974,3375 908,3375 907,3376 905,3376 903,3378 897,3378 896,3377 889,3377 888,3376 886,3376 885,3375 816,3376 815,3377 814,3377 813,3378 787,3378 786,3377 736,3377 735,3378 734,3378 732,3376 731,3376 730,3375 684,3375 683,3377 683,3378 681,3379 680,3379 679,3380 678,3380 678,3380 678,3379 677,3378 660,3379 659,3377 659,3376 658,3376 634,3376 634,3375 634,3374 633,3374 586,3374 586,3375 586,3378 585,3379 585,3381 584,3382 584,3384 582,3386 582,3387 581,3388 581,3389 580,3390 580,3391 578,3393 578,3394 576,3395 573,3395 572,3396 571,3396 570,3397 566,3397 565,3398 556,3398 555,3397 553,3397 553,3397 553,3396 552,3395 550,3395 548,3393 546,3393 545,3392 545,3390 544,3389 544,3379 543,3378 527,3378 526,3377 479,3378 477,3380 475,3380 474,3378 474,3376 473,3376 420,3376 418,3378 417,3378 416,3377 380,3377 352,3378 351,3379 323,3379 321,3381 320,3381 318,3383 317,3383 315,3385 314,3385 313,3386 310,3386 309,3387 304,3387 303,3388 302,3388 301,3389 300,3389 299,3390 296,3390 295,3391 280,3391 279,3390 211,3391 211,3391 211,3408 210,3409"/>
        <TextEquiv index="0">
          <Unicode>Bertringen / im Trieri&#383;chen Gebiet / (welche</Unicode>
        </TextEquiv>
        <TextEquiv index="1">
          <Unicode>Bertringen / im Trieri&#383;chen Gebiet / (welche</Unicode>
        </TextEquiv>
      </TextLine>
      <TextLine id="l4">
        <Coords points="435,3505 434,3504 433,3504 431,3503 431,3502 430,3500 371,3500 367,3497 367,3485 367,3485 333,3485 332,3484 244,3484 242,3486 211,3487 211,3487 211,3502 211,3503 209,3503 208,3502 208,3409 208,3409 252,3408 254,3410 254,3430 254,3430 331,3430 332,3429 338,3429 339,3428 343,3428 344,3427 368,3427 369,3426 369,3424 371,3422 371,3420 372,3419 372,3417 372,3416 373,3416 375,3415 375,3411 377,3408 378,3408 379,3407 381,3407 382,3406 385,3406 386,3405 390,3405 391,3406 393,3406 394,3407 394,3408 395,3409 395,3410 398,3413 398,3425 398,3425 433,3425 434,3426 458,3426 459,3427 460,3427 461,3428 561,3427 562,3427 562,3425 563,3424 563,3423 565,3420 584,3420 585,3420 585,3419 586,3418 586,3417 587,3416 587,3414 587,3413 588,3413 589,3412 590,3412 592,3410 593,3410 595,3408 596,3408 599,3405 601,3405 602,3404 604,3404 605,3403 621,3403 622,3404 654,3404 655,3405 657,3405 658,3405 658,3409 658,3410 683,3409 684,3410 684,3411 685,3412 685,3428 685,3428 792,3428 793,3427 794,3427 795,3426 862,3425 863,3425 863,3404 863,3403 865,3403 866,3402 867,3403 867,3425 867,3425 946,3425 947,3424 947,3417 948,3416 948,3415 949,3414 949,3413 951,3411 953,3411 954,3410 1010,3409 1011,3408 1012,3408 1017,3403 1019,3403 1021,3401 1025,3401 1026,3400 1047,3400 1049,3398 1054,3398 1055,3397 1064,3397 1065,3398 1132,3398 1133,3398 1133,3399 1133,3400 1134,3399 1135,3400 1137,3400 1139,3402 1139,3403 1141,3405 1141,3422 1141,3422 1199,3422 1201,3420 1254,3420 1256,3418 1256,3415 1258,3413 1258,3410 1259,3409 1259,3408 1260,3407 1260,3405 1262,3403 1262,3400 1263,3399 1314,3398 1315,3397 1316,3397 1317,3396 1325,3396 1326,3397 1328,3397 1329,3398 1330,3398 1331,3399 1334,3399 1336,3401 1336,3417 1336,3417 1402,3417 1404,3415 1405,3415 1406,3414 1407,3415 1460,3414 1461,3414 1461,3394 1462,3393 1462,3392 1462,3391 1476,3391 1477,3392 1477,3412 1477,3412 1510,3412 1514,3408 1517,3408 1518,3407 1521,3407 1522,3408 1523,3408 1525,3409 1525,3411 1525,3412 1598,3411 1599,3411 1599,3404 1600,3403 1600,3401 1601,3400 1601,3399 1602,3397 1604,3397 1605,3398 1606,3398 1609,3401 1609,3414 1609,3414 1682,3414 1686,3410 1689,3410 1690,3409 1691,3409 1692,3408 1693,3408 1694,3409 1695,3409 1696,3409 1696,3410 1696,3411 1768,3410 1770,3408 1837,3408 1838,3407 1840,3407 1841,3406 1841,3398 1842,3397 1843,3397 1847,3393 1902,3392 1903,3392 1903,3388 1903,3387 1905,3387 1906,3388 1906,3492 1906,3492 1904,3492 1903,3492 1903,3487 1903,3486 1870,3487 1869,3486 1864,3486 1863,3485 1861,3485 1858,3482 1855,3482 1853,3480 1853,3479 1852,3478 1852,3471 1852,3471 1781,3471 1779,3469 1757,3469 1756,3468 1650,3469 1648,3471 1648,3473 1647,3474 1647,3475 1647,3475 1645,3475 1644,3474 1643,3474 1642,3473 1592,3474 1591,3473 1591,3472 1591,3472 1511,3472 1510,3473 1466,3473 1465,3474 1465,3476 1464,3477 1464,3479 1463,3480 1463,3481 1462,3482 1462,3489 1461,3490 1461,3493 1461,3493 1460,3493 1459,3494 1453,3494 1451,3493 1451,3491 1451,3490 1408,3491 1407,3490 1407,3481 1407,3481 1388,3481 1387,3480 1387,3475 1387,3475 1310,3475 1309,3476 1309,3493 1309,3493 1306,3493 1305,3494 1304,3494 1303,3495 1302,3495 1299,3493 1299,3490 1299,3489 1226,3490 1224,3488 1224,3478 1224,3478 1201,3478 1200,3477 1121,3478 1120,3478 1120,3486 1119,3487 1119,3491 1117,3494 1116,3494 1114,3496 1113,3496 1112,3495 1111,3495 1110,3494 1110,3493 1109,3492 1109,3489 1108,3488 1108,3486 1108,3486 1047,3486 1046,3485 1039,3485 1038,3484 1035,3484 1033,3482 1027,3482 1026,3481 933,3482 931,3484 883,3484 881,3486 880,3486 878,3484 817,3485 816,3484 760,3484 759,3484 759,3490 759,3491 758,3491 757,3490 757,3484 757,3484 647,3485 646,3486 645,3486 644,3487 643,3487 641,3485 615,3485 614,3484 542,3484 539,3487 539,3488 538,3489 538,3490 538,3490 535,3490 533,3489 533,3486 533,3485 489,3486 488,3486 488,3495 488,3496 447,3496 446,3496 446,3497 443,3501 442,3501 438,3505"/>
        <TextEquiv index="0">
          <Unicode>lau &#383;eyn / Alaun und Ei&#383;en / &#383;ampt ein wenig</Unicode>
        </TextEquiv>
        <TextEquiv index="1">
          <Unicode>lau &#383;eyn / Alaun und Ei&#383;en / &#383;ampt ein wenig</Unicode>
        </TextEquiv>
      </TextLine>
      <TextLine id="l5">
        <Coords points="210,3622 209,3621 208,3503 209,3503 211,3503 211,3503 211,3511 211,3512 283,3511 284,3512 285,3512 286,3513 293,3513 294,3514 296,3514 297,3515 328,3515 329,3516 391,3515 391,3516 392,3530 392,3530 423,3530 424,3531 425,3531 426,3532 427,3532 428,3533 507,3533 508,3532 522,3532 523,3531 523,3528 524,3527 523,3526 524,3525 525,3525 525,3525 525,3523 526,3522 526,3521 529,3518 531,3518 531,3518 531,3517 537,3511 539,3511 540,3510 542,3510 543,3509 547,3509 548,3510 550,3510 551,3511 552,3511 553,3512 554,3512 555,3513 607,3513 608,3514 608,3515 609,3516 650,3516 651,3517 651,3518 652,3519 653,3533 653,3534 730,3533 731,3532 735,3532 736,3532 735,3521 736,3520 736,3519 740,3515 758,3515 760,3513 769,3513 770,3514 774,3514 776,3516 776,3517 777,3518 778,3529 778,3530 870,3529 871,3528 921,3528 922,3527 921,3524 922,3524 923,3524 924,3523 925,3523 925,3522 925,3520 927,3518 927,3517 932,3513 933,3513 935,3511 938,3511 939,3510 940,3510 941,3509 943,3509 944,3508 948,3508 949,3507 951,3507 952,3506 982,3505 984,3503 989,3503 990,3502 993,3502 994,3501 996,3501 997,3500 998,3500 999,3501 1005,3501 1006,3502 1010,3502 1015,3507 1016,3507 1016,3508 1016,3510 1018,3511 1020,3511 1022,3514 1022,3516 1024,3518 1024,3519 1026,3521 1026,3525 1028,3526 1191,3525 1192,3525 1191,3514 1192,3513 1192,3512 1195,3509 1214,3509 1217,3506 1218,3506 1219,3505 1222,3505 1223,3504 1225,3504 1226,3503 1232,3503 1235,3506 1283,3506 1285,3508 1285,3509 1286,3510 1286,3511 1288,3513 1288,3523 1289,3523 1394,3523 1395,3522 1434,3522 1435,3520 1435,3519 1436,3519 1486,3518 1486,3518 1486,3510 1487,3509 1489,3509 1490,3508 1490,3507 1491,3506 1493,3506 1496,3503 1499,3503 1500,3502 1501,3502 1502,3501 1514,3501 1515,3503 1515,3505 1516,3505 1589,3505 1590,3503 1590,3502 1591,3502 1597,3501 1598,3503 1598,3504 1599,3505 1599,3512 1600,3512 1627,3512 1629,3515 1629,3516 1630,3516 1726,3516 1726,3515 1726,3503 1729,3501 1731,3501 1732,3502 1735,3502 1737,3504 1738,3504 1739,3505 1740,3505 1741,3506 1742,3506 1744,3508 1744,3509 1746,3511 1746,3512 1748,3513 1857,3513 1857,3512 1857,3505 1859,3503 1859,3502 1860,3502 1861,3502 1861,3501 1861,3500 1863,3499 1903,3498 1903,3498 1903,3493 1904,3492 1906,3492 1906,3493 1907,3595 1906,3595 1903,3595 1903,3595 1903,3574 1902,3573 1811,3574 1810,3575 1748,3575 1745,3578 1744,3579 1743,3580 1743,3581 1742,3582 1740,3584 1739,3584 1735,3588 1732,3588 1731,3589 1729,3589 1728,3590 1726,3590 1725,3589 1724,3589 1724,3588 1724,3577 1723,3577 1697,3577 1696,3576 1616,3576 1614,3578 1519,3579 1519,3579 1519,3592 1515,3596 1511,3596 1510,3597 1508,3597 1507,3598 1504,3598 1503,3599 1502,3598 1425,3599 1424,3599 1423,3600 1422,3599 1418,3599 1417,3598 1416,3598 1415,3597 1413,3597 1410,3593 1410,3592 1408,3590 1408,3589 1407,3588 1407,3587 1406,3587 1387,3587 1386,3586 1385,3586 1385,3585 1385,3584 1384,3584 1300,3584 1300,3585 1300,3595 1298,3596 1295,3596 1294,3597 1293,3597 1290,3601 1289,3601 1286,3600 1283,3600 1282,3599 1210,3599 1209,3600 1206,3600 1206,3600 1206,3595 1205,3594 1205,3593 1204,3592 1204,3587 1203,3586 1155,3586 1154,3585 1153,3585 1153,3585 1153,3584 1152,3583 1045,3584 1043,3586 1003,3586 1002,3587 1001,3587 1000,3588 999,3588 998,3589 990,3589 989,3590 949,3591 949,3591 949,3593 948,3594 946,3594 946,3593 946,3592 941,3588 779,3589 779,3589 779,3605 778,3606 778,3607 777,3609 776,3609 775,3610 771,3610 770,3611 757,3611 755,3609 754,3609 751,3607 751,3592 750,3591 726,3591 724,3589 636,3590 635,3591 627,3591 627,3591 627,3598 626,3599 626,3598 626,3592 625,3592 529,3592 529,3593 529,3610 529,3610 526,3610 524,3612 523,3612 521,3612 519,3610 519,3609 517,3607 517,3590 516,3590 405,3590 405,3591 405,3602 404,3603 404,3606 404,3606 403,3606 402,3607 399,3607 398,3608 397,3608 396,3609 392,3609 391,3609 391,3608 390,3606 388,3606 387,3605 386,3605 385,3605 385,3604 384,3603 384,3595 383,3594 308,3595 307,3596 301,3596 300,3597 295,3597 294,3598 290,3598 289,3599 286,3599 285,3600 211,3601 211,3601 211,3621 211,3622"/>
        <TextEquiv index="0">
          <Unicode>Schwefel in ihrer Vermi&#383;chung halten) wie</Unicode>
        </TextEquiv>
        <TextEquiv index="1">
          <Unicode>Schwefel in ihrer Vermi&#383;chung halten) wie</Unicode>
        </TextEquiv>
      </TextLine>
      <TextLine id="l6">
        <Coords points="1903,3736 1903,3736 1903,3705 1902,3704 1855,3705 1854,3704 1853,3704 1851,3701 1851,3686 1850,3686 1741,3687 1740,3688 1698,3688 1698,3688 1698,3697 1696,3699 1696,3701 1695,3702 1695,3703 1694,3704 1689,3704 1687,3706 1686,3706 1685,3707 1684,3706 1596,3706 1596,3706 1596,3705 1594,3703 1594,3695 1593,3694 1503,3695 1502,3694 1497,3694 1496,3693 1495,3693 1494,3692 1492,3692 1490,3690 1394,3691 1394,3691 1394,3692 1393,3693 1392,3693 1390,3691 1299,3691 1293,3697 1292,3696 1292,3695 1291,3694 1216,3695 1216,3694 1216,3691 1215,3691 1179,3691 1179,3692 1179,3699 1178,3699 1177,3699 1177,3699 1177,3694 1175,3692 1103,3693 1103,3693 1103,3695 1102,3696 1054,3696 1053,3698 1053,3699 1052,3699 1051,3699 1049,3701 1049,3702 1049,3703 1047,3704 1046,3704 1044,3706 1040,3706 1040,3707 1040,3709 1039,3709 1027,3709 1026,3708 1025,3708 1024,3707 1023,3707 1022,3706 1021,3706 1020,3705 1019,3705 1018,3704 1016,3704 1014,3702 1014,3701 1013,3700 1012,3700 1012,3700 1012,3699 1011,3698 1011,3697 1010,3696 1010,3695 1009,3694 847,3695 847,3696 847,3698 846,3698 845,3698 844,3699 843,3699 842,3700 800,3701 800,3701 800,3704 799,3705 799,3710 798,3711 797,3711 796,3712 796,3713 795,3714 790,3714 789,3715 788,3715 787,3714 779,3714 778,3712 778,3711 777,3710 777,3709 776,3708 776,3698 775,3698 575,3699 574,3701 574,3702 573,3703 573,3705 572,3706 572,3708 570,3710 570,3711 566,3714 565,3714 564,3715 560,3715 559,3714 556,3714 555,3713 554,3713 553,3712 553,3710 552,3709 552,3701 550,3699 397,3700 397,3701 397,3708 395,3710 395,3712 392,3714 391,3714 390,3715 386,3715 386,3716 386,3717 385,3717 381,3717 380,3716 377,3716 376,3715 376,3714 375,3713 375,3711 374,3710 374,3700 373,3699 246,3700 246,3701 246,3703 245,3703 211,3704 211,3704 211,3722 210,3723 210,3722 209,3622 210,3622 211,3622 211,3622 211,3640 211,3641 357,3640 357,3639 357,3631 360,3629 363,3629 364,3628 367,3628 367,3627 367,3625 368,3625 371,3624 372,3623 373,3623 374,3622 375,3622 376,3621 379,3621 381,3624 381,3625 382,3626 382,3627 383,3627 479,3627 479,3626 479,3625 482,3623 484,3623 485,3624 485,3638 486,3639 519,3639 519,3638 519,3622 520,3622 521,3622 521,3622 521,3638 522,3639 564,3638 565,3637 569,3637 569,3638 569,3639 570,3639 596,3639 596,3640 596,3641 597,3641 648,3641 648,3640 648,3631 649,3630 649,3628 651,3627 652,3627 653,3625 653,3624 661,3617 662,3617 663,3616 664,3616 665,3615 684,3614 685,3615 719,3615 719,3616 719,3617 720,3618 720,3619 721,3619 786,3619 786,3619 786,3622 788,3624 788,3636 789,3637 937,3636 937,3635 937,3629 938,3628 938,3627 939,3626 939,3625 940,3625 942,3625 945,3622 1014,3621 1017,3618 1018,3618 1021,3615 1022,3615 1023,3614 1024,3614 1025,3613 1026,3613 1027,3612 1028,3612 1029,3611 1031,3611 1032,3610 1050,3610 1051,3611 1054,3611 1056,3613 1057,3613 1059,3615 1060,3615 1061,3616 1062,3616 1064,3618 1108,3618 1109,3619 1109,3623 1114,3628 1115,3628 1116,3629 1121,3629 1123,3631 1125,3631 1127,3633 1226,3632 1226,3631 1226,3617 1228,3616 1229,3616 1230,3615 1231,3615 1232,3616 1232,3617 1233,3618 1233,3620 1234,3621 1344,3620 1344,3620 1344,3619 1346,3617 1347,3617 1347,3617 1347,3616 1349,3614 1404,3614 1405,3613 1475,3612 1476,3611 1477,3611 1478,3610 1480,3610 1481,3609 1481,3608 1482,3607 1484,3605 1485,3605 1487,3603 1521,3603 1522,3602 1523,3603 1523,3605 1524,3606 1618,3605 1619,3604 1623,3604 1624,3605 1625,3605 1627,3607 1678,3607 1679,3608 1679,3621 1680,3622 1717,3622 1719,3624 1808,3623 1809,3622 1824,3622 1825,3620 1825,3619 1826,3618 1826,3614 1828,3612 1828,3611 1829,3611 1831,3609 1832,3609 1834,3607 1836,3607 1837,3606 1839,3606 1841,3604 1842,3604 1843,3603 1870,3603 1871,3602 1875,3602 1876,3601 1878,3601 1880,3599 1902,3598 1903,3598 1903,3596 1903,3595 1906,3595 1907,3596 1908,3736 1907,3736"/>
        <TextEquiv index="0">
          <Unicode>auch die zu Ach und Fideris / die Ge&#383;chwul&#383;t</Unicode>
        </TextEquiv>
        <TextEquiv index="1">
          <Unicode>auch die zu Ach und Fideris / die Ge&#383;chwul&#383;t</Unicode>
        </TextEquiv>
      </TextLine>
      <TextLine id="l7">
        <Coords points="210,3723 1299,3716 1300,3826 211,3833"/>
        <TextEquiv index="0">
          <Unicode>der m&#228;nnlichen Ruten heilen.</Unicode>
        </TextEquiv>
        <TextEquiv index="1">
          <Unicode>der m&#228;nnlichen Ruten heilen.</Unicode>
        </TextEquiv>
      </TextLine>
      <TextEquiv>
        <Unicode/>
      </TextEquiv>
    </TextRegion>
    <TextRegion id="r2" orientation="0.875" type="paragraph">
      <Coords points="216,6128 216,4289 409,4271 410,4188 703,4186 1086,4179 1408,4181 1908,4163 1908,6128"/>
      <TextLine id="l8">
        <Coords points="205,4220 204,4219 203,4219 202,4218 201,4218 200,4217 199,4217 197,4215 196,4215 194,4213 193,4213 187,4207 184,4051 191,4044 192,4044 194,4042 195,4042 197,4040 198,4040 198,4039 199,4039 200,4038 201,4038 202,4037 204,4037 205,4036 207,4036 208,4035 211,4035 212,4035 215,4035 216,4035 216,4071 215,4072 216,4086 216,4087 496,4083 497,4084 1906,4062 1907,4061 1907,4060 1907,4060 1908,4060 1909,4167 1909,4168 1733,4171 1732,4170 1732,4165 1732,4165 216,4188 216,4188 216,4202 215,4203 216,4212 212,4216 211,4216 208,4219 207,4219 206,4220"/>
        <TextEquiv index="0">
          <Unicode>Tadt und Schlo&#223; / davon in der Trieri&#11799;</Unicode>
        </TextEquiv>
        <TextEquiv index="1">
          <Unicode>Tadt und Schlo&#223; / davon in der Trieri&#11799;</Unicode>
        </TextEquiv>
      </TextLine>
      <TextLine id="l9">
        <Coords points="713,4293 712,4292 711,4292 710,4291 499,4294 496,4292 424,4293 423,4292 420,4292 419,4290 419,4288 418,4287 418,4273 417,4272 417,4268 416,4268 215,4271 206,4262 206,4220 207,4219 208,4219 211,4216 212,4216 215,4213 419,4210 420,4209 420,4208 421,4207 421,4205 422,4204 422,4202 422,4202 423,4202 424,4200 424,4199 425,4199 427,4199 428,4197 428,4196 429,4196 650,4192 651,4191 669,4191 670,4190 950,4186 951,4187 1702,4175 1703,4174 1732,4174 1732,4173 1732,4171 1733,4171 1909,4168 1909,4168 1911,4267 1910,4268 1595,4273 1595,4273 1595,4275 1592,4278 725,4291 724,4292 721,4292 720,4293"/>
        <TextEquiv index="0">
          <Unicode>&#383;chen Chronick gele&#383;en wird / da&#223; Ertzbi&#11799;</Unicode>
        </TextEquiv>
        <TextEquiv index="1">
          <Unicode>&#383;chen Chronick gele&#383;en wird / da&#223; Ertzbi&#11799;</Unicode>
        </TextEquiv>
      </TextLine>
      <TextLine id="l10">
        <Coords points="1907,4390 1907,4390 1906,4379 1906,4378 1827,4379 1826,4380 1819,4380 1818,4379 1817,4379 1814,4376 1799,4377 1798,4376 1795,4376 1794,4375 1794,4373 1793,4372 1793,4371 1792,4370 1792,4364 1792,4364 1712,4365 1711,4365 1711,4386 1711,4387 1710,4387 1710,4386 1709,4385 1709,4366 1709,4365 1695,4365 1694,4366 1691,4366 1689,4365 1689,4364 1688,4362 1583,4364 1582,4364 1582,4371 1580,4373 1580,4374 1579,4376 1579,4381 1578,4382 1578,4384 1578,4384 1577,4384 1576,4383 1575,4383 1573,4381 1572,4381 1571,4381 1571,4365 1571,4364 1458,4366 1457,4367 1455,4367 1454,4368 1453,4368 1450,4371 1435,4371 1434,4370 1425,4370 1423,4368 1422,4368 1421,4367 1303,4369 1302,4370 1300,4370 1298,4369 1298,4368 1297,4366 1202,4368 1200,4369 1200,4370 1199,4372 1196,4372 1194,4370 1194,4368 1194,4368 1091,4369 1090,4370 1029,4371 1028,4372 1027,4372 1026,4373 1021,4374 1020,4375 1015,4375 1014,4374 1010,4374 1009,4373 933,4374 932,4375 886,4376 885,4376 885,4377 884,4378 884,4379 883,4380 883,4382 879,4387 878,4387 874,4391 873,4391 872,4392 870,4392 869,4391 868,4391 865,4388 865,4387 864,4386 864,4383 863,4382 863,4372 863,4372 661,4375 660,4376 658,4376 657,4377 650,4377 649,4376 645,4376 644,4375 521,4377 520,4378 517,4378 516,4377 507,4377 506,4376 428,4378 427,4378 427,4380 426,4381 426,4383 425,4384 425,4385 424,4386 424,4390 423,4391 423,4397 422,4398 423,4400 420,4403 418,4403 415,4400 390,4400 390,4400 390,4399 389,4398 317,4399 316,4400 315,4399 310,4399 309,4399 309,4397 308,4395 304,4395 235,4397 233,4399 216,4399 215,4399 216,4405 215,4406 190,4406 190,4406 187,4264 188,4263 207,4263 216,4271 216,4299 216,4300 258,4299 259,4300 260,4300 264,4303 265,4303 268,4306 309,4305 309,4306 309,4307 310,4308 310,4323 311,4323 314,4323 315,4324 388,4323 388,4323 388,4320 390,4318 390,4317 403,4304 404,4304 405,4303 406,4303 407,4302 437,4301 438,4300 442,4300 443,4301 446,4301 447,4302 449,4302 450,4303 453,4303 453,4304 453,4305 457,4309 457,4315 458,4315 500,4314 501,4313 502,4313 504,4316 504,4317 505,4318 505,4321 506,4322 506,4324 507,4325 507,4326 508,4327 508,4328 509,4328 588,4327 588,4328 588,4329 589,4329 608,4329 609,4330 610,4330 611,4331 684,4330 684,4329 684,4305 686,4304 687,4304 688,4303 690,4303 691,4302 692,4302 693,4301 741,4300 741,4299 741,4298 742,4297 745,4297 746,4296 749,4296 750,4295 751,4296 752,4296 755,4298 755,4324 756,4325 868,4323 869,4321 869,4320 871,4318 871,4317 872,4316 872,4315 873,4315 875,4315 876,4314 878,4314 879,4315 879,4316 880,4317 958,4315 958,4315 958,4314 959,4313 959,4311 961,4309 962,4309 963,4308 964,4308 964,4308 964,4301 965,4300 974,4300 974,4300 974,4299 975,4298 976,4298 978,4296 980,4296 980,4296 980,4295 980,4294 990,4294 991,4293 994,4293 995,4292 998,4292 999,4291 1001,4291 1002,4290 1003,4291 1008,4291 1009,4292 1010,4292 1011,4293 1043,4292 1045,4294 1047,4294 1048,4295 1048,4296 1049,4296 1104,4295 1105,4296 1106,4296 1106,4297 1106,4298 1107,4299 1107,4311 1108,4311 1220,4309 1221,4308 1221,4306 1222,4305 1222,4303 1225,4300 1229,4300 1229,4301 1229,4302 1230,4303 1230,4312 1231,4312 1304,4311 1305,4310 1310,4310 1310,4310 1310,4298 1311,4297 1311,4296 1312,4295 1312,4294 1313,4292 1314,4292 1315,4293 1315,4295 1316,4296 1316,4311 1317,4311 1397,4310 1399,4307 1399,4303 1400,4302 1400,4301 1401,4300 1401,4298 1403,4296 1403,4294 1405,4293 1406,4293 1406,4292 1406,4291 1406,4291 1407,4291 1410,4288 1411,4288 1413,4286 1417,4285 1419,4283 1421,4283 1422,4282 1427,4282 1428,4281 1432,4281 1433,4280 1436,4280 1437,4281 1448,4281 1452,4285 1467,4285 1468,4286 1469,4286 1471,4287 1471,4288 1474,4291 1474,4292 1475,4293 1476,4293 1478,4295 1478,4305 1479,4306 1501,4305 1502,4306 1574,4305 1574,4305 1574,4303 1575,4302 1575,4297 1577,4295 1578,4295 1578,4295 1578,4294 1579,4293 1579,4292 1579,4291 1580,4291 1584,4287 1585,4287 1586,4286 1589,4286 1590,4285 1591,4285 1592,4284 1602,4284 1604,4286 1606,4286 1608,4287 1608,4306 1609,4307 1640,4306 1641,4307 1725,4306 1728,4303 1730,4303 1731,4302 1798,4301 1798,4300 1798,4295 1799,4294 1799,4285 1800,4284 1800,4283 1801,4282 1801,4281 1803,4279 1803,4278 1803,4278 1806,4278 1807,4277 1906,4275 1907,4274 1907,4268 1907,4268 1910,4268 1911,4268 1913,4389 1912,4390"/>
        <TextEquiv index="0">
          <Unicode>&#383;choff Arnoldus zu Trier / ein Graf von I&#11799;</Unicode>
        </TextEquiv>
        <TextEquiv index="1">
          <Unicode>&#383;choff Arnoldus zu Trier / ein Graf von I&#11799;</Unicode>
        </TextEquiv>
      </TextLine>
      <TextLine id="l11">
        <Coords points="491,4512 490,4511 480,4511 479,4510 478,4510 477,4509 477,4508 477,4508 476,4508 474,4506 472,4506 470,4504 470,4503 469,4502 469,4491 468,4491 419,4492 418,4491 391,4491 389,4489 326,4490 323,4487 247,4488 247,4489 247,4493 246,4494 246,4495 245,4496 245,4501 245,4501 244,4501 242,4503 240,4503 239,4504 238,4505 237,4506 216,4506 216,4506 216,4513 216,4514 192,4514 191,4514 190,4407 190,4406 258,4405 259,4406 259,4407 259,4407 261,4407 263,4409 265,4409 266,4410 267,4410 269,4412 269,4427 269,4427 339,4426 340,4425 340,4417 341,4416 345,4416 347,4414 347,4413 349,4411 350,4411 351,4410 352,4410 353,4409 356,4409 357,4408 360,4408 361,4407 364,4407 365,4407 365,4409 366,4410 366,4428 366,4429 367,4429 368,4429 368,4430 371,4433 371,4434 372,4434 442,4433 443,4432 443,4431 443,4430 446,4430 447,4431 447,4432 448,4432 554,4431 554,4430 554,4428 555,4427 555,4425 556,4424 556,4423 557,4422 557,4421 558,4420 583,4419 584,4419 584,4418 584,4417 588,4417 589,4418 589,4422 591,4424 593,4424 596,4427 600,4427 601,4428 602,4428 605,4430 608,4430 609,4431 611,4431 611,4431 611,4432 612,4433 689,4432 691,4430 727,4429 727,4429 727,4428 732,4422 732,4421 733,4420 733,4419 733,4419 734,4419 736,4417 736,4416 736,4416 738,4416 739,4415 740,4415 741,4414 742,4414 743,4413 745,4413 746,4412 746,4411 746,4411 747,4411 749,4409 752,4409 756,4405 766,4404 767,4403 770,4403 771,4404 815,4404 816,4404 816,4405 816,4406 993,4403 994,4402 995,4402 997,4400 1001,4400 1002,4399 1070,4398 1071,4399 1081,4399 1082,4400 1083,4400 1084,4401 1087,4401 1089,4402 1108,4402 1109,4403 1177,4402 1178,4401 1181,4401 1182,4400 1183,4400 1184,4399 1207,4399 1209,4397 1212,4397 1214,4399 1281,4398 1282,4397 1292,4396 1293,4397 1360,4396 1361,4395 1363,4395 1364,4394 1367,4394 1368,4395 1369,4395 1370,4396 1371,4396 1372,4397 1372,4415 1372,4415 1430,4414 1431,4413 1432,4414 1434,4414 1435,4415 1512,4414 1513,4414 1513,4413 1514,4412 1514,4411 1516,4408 1516,4407 1517,4406 1517,4405 1519,4403 1519,4402 1524,4397 1525,4397 1527,4395 1529,4395 1531,4393 1535,4393 1536,4392 1548,4391 1549,4390 1551,4390 1552,4391 1552,4396 1552,4396 1582,4396 1585,4398 1585,4399 1586,4400 1586,4411 1586,4412 1681,4410 1683,4408 1684,4408 1685,4408 1685,4407 1686,4405 1687,4405 1688,4404 1692,4404 1695,4407 1695,4408 1696,4409 1696,4417 1696,4417 1710,4417 1711,4417 1711,4389 1711,4388 1712,4388 1712,4416 1712,4417 1761,4416 1764,4414 1764,4411 1766,4408 1767,4408 1768,4407 1769,4407 1770,4408 1771,4408 1772,4409 1859,4408 1860,4407 1860,4400 1861,4399 1861,4398 1862,4397 1862,4396 1862,4396 1863,4396 1865,4394 1867,4394 1868,4393 1906,4392 1907,4392 1907,4391 1907,4390 1912,4390 1913,4390 1914,4487 1914,4488 1908,4488 1907,4488 1907,4469 1906,4468 1846,4469 1845,4468 1772,4469 1770,4471 1729,4472 1728,4473 1728,4474 1726,4476 1725,4476 1725,4476 1725,4477 1724,4478 1723,4479 1722,4479 1719,4482 1715,4482 1714,4483 1713,4483 1712,4481 1712,4471 1711,4471 1631,4472 1629,4474 1628,4474 1628,4475 1628,4478 1625,4481 1625,4482 1620,4487 1620,4488 1620,4488 1615,4488 1614,4490 1609,4490 1608,4491 1604,4491 1603,4490 1600,4490 1599,4489 1597,4489 1596,4488 1595,4488 1593,4487 1590,4487 1590,4486 1590,4484 1589,4483 1589,4482 1588,4481 1588,4480 1587,4480 1522,4481 1522,4481 1522,4489 1521,4491 1520,4491 1519,4491 1519,4492 1518,4494 1517,4494 1516,4493 1515,4493 1514,4493 1514,4490 1513,4489 1513,4485 1512,4484 1512,4480 1511,4479 1511,4472 1510,4471 1399,4473 1398,4474 1397,4473 1313,4474 1313,4475 1313,4483 1312,4484 1312,4490 1309,4493 1308,4493 1307,4494 1301,4494 1300,4493 1297,4493 1295,4491 1292,4491 1291,4491 1291,4490 1289,4488 1289,4476 1288,4475 1277,4476 1276,4475 1220,4476 1219,4475 1148,4476 1147,4477 1111,4477 1110,4478 1105,4478 1104,4479 1099,4479 1098,4478 1094,4478 1093,4477 1092,4477 1088,4473 1088,4472 1086,4471 1085,4471 1083,4469 1011,4470 1011,4470 1011,4471 1006,4476 1006,4477 1005,4478 1005,4479 1003,4481 1002,4481 1000,4483 999,4483 998,4484 997,4484 994,4487 994,4488 993,4489 993,4490 992,4491 986,4491 986,4492 986,4497 985,4498 985,4499 984,4500 981,4500 978,4497 977,4497 976,4497 976,4481 975,4480 895,4481 895,4482 895,4497 895,4497 894,4497 893,4498 893,4500 893,4501 882,4501 880,4499 877,4499 876,4498 876,4497 874,4495 874,4486 873,4486 864,4486 863,4485 796,4486 795,4487 790,4487 788,4489 770,4489 769,4490 763,4490 762,4491 762,4491 762,4490 761,4490 759,4490 758,4489 756,4489 755,4488 754,4488 752,4486 684,4487 684,4487 684,4488 682,4490 681,4489 650,4489 649,4488 631,4488 630,4488 535,4489 534,4490 534,4493 532,4495 511,4495 510,4497 510,4501 508,4503 508,4504 508,4504 507,4504 505,4506 505,4507 504,4508 502,4508 501,4509 501,4510 501,4510 494,4511 493,4512"/>
        <TextEquiv index="0">
          <Unicode>&#383;enburg / das Schlo&#223; Billich beve&#383;tiget; und</Unicode>
        </TextEquiv>
        <TextEquiv index="1">
          <Unicode>&#383;enburg / das Schlo&#223; Billich beve&#383;tiget; und</Unicode>
        </TextEquiv>
      </TextLine>
      <TextLine id="l12">
        <Coords points="1907,4601 1907,4601 1907,4597 1906,4596 1484,4602 1483,4601 1483,4600 1482,4600 1481,4600 1480,4599 1479,4599 1479,4598 1479,4597 1478,4597 1353,4598 1350,4596 1346,4596 1345,4595 1344,4595 1343,4594 1342,4594 1339,4590 1338,4586 1336,4584 1336,4582 1336,4582 1307,4582 1306,4581 745,4590 743,4592 740,4592 737,4595 719,4595 719,4596 719,4612 718,4613 718,4614 717,4614 716,4614 713,4617 708,4617 707,4618 704,4618 703,4617 697,4618 696,4617 193,4624 193,4624 191,4515 192,4514 216,4514 216,4515 255,4514 256,4515 452,4512 453,4513 456,4513 457,4514 458,4514 461,4517 630,4515 631,4516 807,4513 808,4514 1344,4506 1344,4505 1344,4504 1345,4504 1346,4504 1347,4503 1349,4503 1351,4501 1352,4501 1353,4499 1354,4499 1355,4498 1367,4498 1368,4497 1372,4497 1373,4498 1379,4498 1380,4499 1907,4491 1907,4491 1907,4489 1908,4488 1914,4488 1914,4488 1916,4600 1915,4601"/>
        <TextEquiv index="0">
          <Unicode>&#383;ein Nachfahr Henricus von Fin&#383;tingen / &#383;ol&#11799;</Unicode>
        </TextEquiv>
        <TextEquiv index="1">
          <Unicode>&#383;ein Nachfahr Henricus von Fin&#383;tingen / &#383;ol&#11799;</Unicode>
        </TextEquiv>
      </TextLine>
      <TextLine id="l13">
        <Coords points="1908,4706 1907,4706 1907,4685 1907,4684 1792,4686 1791,4685 1701,4686 1700,4687 1699,4687 1698,4686 1553,4688 1551,4686 1433,4688 1432,4689 1430,4687 1357,4688 1356,4689 1355,4689 1354,4688 1353,4689 1352,4688 1225,4689 1224,4690 1223,4690 1222,4690 1158,4690 1157,4691 1157,4692 1157,4693 1156,4693 1155,4693 1155,4694 1155,4695 1154,4695 1152,4693 1121,4693 1120,4692 1014,4694 1013,4695 965,4695 964,4696 964,4697 963,4698 963,4699 963,4699 961,4699 960,4701 959,4701 956,4704 953,4704 952,4705 949,4705 948,4706 943,4706 942,4707 938,4707 937,4708 930,4708 929,4709 926,4709 925,4708 923,4708 922,4707 914,4707 913,4706 912,4706 911,4705 910,4705 909,4704 903,4704 902,4704 902,4703 902,4702 901,4702 899,4700 898,4700 897,4699 817,4701 815,4703 789,4703 788,4704 764,4705 763,4704 762,4704 761,4703 760,4703 759,4702 759,4701 759,4701 692,4702 689,4704 689,4706 688,4707 688,4708 688,4709 686,4709 684,4711 683,4711 682,4712 681,4712 678,4714 678,4715 677,4716 677,4717 677,4718 670,4718 669,4718 669,4721 668,4723 666,4723 665,4724 662,4724 661,4724 661,4714 660,4713 660,4707 660,4706 573,4707 572,4708 572,4718 570,4720 570,4721 569,4722 565,4723 564,4724 559,4724 558,4723 558,4717 557,4716 555,4716 554,4715 554,4706 554,4706 486,4707 485,4708 484,4708 483,4709 482,4709 481,4710 478,4710 477,4711 476,4711 474,4713 472,4713 470,4715 463,4715 462,4716 441,4716 440,4715 439,4715 438,4714 437,4714 436,4714 433,4714 432,4713 428,4713 427,4712 426,4712 425,4711 424,4711 421,4708 418,4708 417,4707 353,4708 352,4707 303,4708 302,4708 302,4712 301,4713 301,4715 295,4721 295,4722 295,4723 283,4723 281,4721 281,4720 280,4719 280,4716 279,4715 279,4706 279,4706 216,4707 216,4707 216,4726 216,4727 216,4729 215,4730 195,4730 195,4730 193,4625 193,4624 215,4624 216,4624 216,4626 216,4627 279,4626 280,4627 282,4627 287,4631 288,4631 289,4632 289,4645 290,4646 336,4645 339,4648 404,4647 405,4645 405,4643 406,4642 406,4641 408,4640 409,4640 410,4639 411,4639 411,4638 411,4637 413,4635 413,4634 414,4634 415,4634 417,4632 419,4632 421,4630 422,4630 423,4629 425,4629 426,4628 427,4628 427,4627 429,4627 430,4626 451,4625 452,4624 457,4624 458,4625 464,4625 465,4626 491,4626 493,4627 493,4628 495,4630 558,4629 559,4630 603,4629 604,4630 604,4631 605,4632 605,4633 606,4634 668,4633 670,4631 671,4631 672,4630 674,4630 675,4629 676,4629 677,4628 678,4628 679,4627 680,4627 681,4626 687,4626 687,4625 689,4626 691,4626 692,4627 693,4627 694,4628 695,4628 696,4629 697,4629 697,4629 697,4630 698,4631 698,4647 699,4647 734,4647 734,4646 734,4645 737,4643 738,4643 739,4642 741,4642 742,4643 820,4642 820,4641 820,4632 821,4631 821,4629 822,4628 822,4626 823,4625 823,4624 823,4624 826,4624 828,4625 828,4627 830,4628 895,4627 897,4625 898,4625 900,4622 902,4622 904,4620 907,4620 908,4619 910,4619 912,4617 1010,4616 1013,4613 1014,4614 1015,4614 1016,4615 1018,4615 1019,4616 1052,4615 1054,4617 1054,4634 1055,4634 1176,4632 1177,4631 1177,4630 1178,4629 1178,4626 1179,4625 1179,4623 1180,4622 1180,4621 1181,4619 1214,4619 1217,4616 1217,4615 1218,4614 1218,4613 1218,4613 1219,4613 1220,4612 1221,4612 1224,4608 1226,4608 1227,4607 1228,4607 1230,4605 1231,4605 1232,4604 1234,4604 1235,4603 1254,4603 1255,4604 1257,4604 1258,4604 1258,4605 1259,4607 1261,4607 1263,4609 1264,4609 1265,4609 1265,4610 1266,4612 1268,4612 1270,4613 1270,4614 1274,4618 1274,4619 1275,4620 1275,4623 1276,4624 1276,4631 1277,4632 1358,4630 1359,4629 1435,4628 1436,4627 1437,4627 1438,4628 1519,4627 1520,4626 1523,4626 1524,4627 1580,4626 1581,4627 1583,4627 1583,4627 1583,4628 1584,4629 1674,4628 1675,4627 1676,4627 1677,4626 1714,4625 1714,4624 1714,4619 1715,4618 1715,4617 1716,4616 1716,4615 1716,4615 1717,4615 1718,4614 1721,4614 1722,4613 1724,4614 1724,4616 1727,4619 1728,4619 1729,4620 1730,4620 1731,4621 1733,4621 1735,4623 1736,4623 1737,4624 1738,4624 1740,4626 1840,4624 1841,4625 1907,4624 1907,4624 1907,4602 1907,4601 1915,4601 1916,4601 1917,4705 1917,4706"/>
        <TextEquiv index="0">
          <Unicode>ches Schlo&#223; mit S&#228;len / Kammern und an&#11799;</Unicode>
        </TextEquiv>
        <TextEquiv index="1">
          <Unicode>ches Schlo&#223; mit S&#228;len / Kammern und an&#11799;</Unicode>
        </TextEquiv>
      </TextLine>
      <TextLine id="l14">
        <Coords points="1907,4812 1907,4812 1907,4796 1906,4795 1885,4795 1882,4792 1854,4793 1853,4792 1777,4793 1777,4794 1777,4795 1773,4798 1770,4798 1769,4797 1767,4797 1766,4796 1766,4793 1765,4792 1675,4794 1673,4796 1671,4794 1670,4794 1670,4793 1670,4791 1669,4791 1636,4791 1636,4791 1636,4790 1635,4789 1635,4788 1634,4787 1555,4788 1554,4789 1553,4788 1484,4790 1483,4789 1407,4790 1407,4790 1407,4806 1406,4807 1406,4808 1405,4809 1405,4810 1404,4811 1404,4812 1403,4813 1402,4813 1401,4814 1400,4814 1399,4815 1398,4815 1397,4816 1395,4814 1391,4814 1390,4813 1389,4813 1388,4812 1387,4812 1385,4810 1385,4807 1384,4806 1384,4798 1383,4797 1373,4797 1372,4796 1316,4797 1315,4796 1242,4797 1242,4798 1242,4814 1240,4815 1238,4815 1236,4817 1235,4817 1234,4816 1232,4816 1231,4815 1230,4815 1229,4814 1229,4798 1228,4797 1190,4798 1189,4797 1189,4796 1188,4795 1107,4796 1105,4798 1103,4798 1102,4799 1029,4800 1027,4802 1025,4803 1024,4804 947,4805 946,4806 892,4807 891,4808 890,4808 889,4809 819,4810 819,4810 819,4812 818,4813 818,4823 817,4824 817,4826 815,4829 811,4829 808,4826 808,4820 807,4819 807,4813 806,4813 765,4813 765,4813 765,4811 764,4811 747,4811 747,4810 747,4808 746,4808 665,4809 665,4810 665,4811 664,4811 663,4811 662,4812 661,4812 660,4811 600,4812 586,4812 585,4813 584,4812 549,4813 547,4811 472,4812 470,4814 469,4814 468,4815 465,4815 464,4816 463,4816 461,4818 460,4818 459,4819 454,4819 453,4820 446,4820 445,4819 384,4820 384,4820 384,4817 383,4816 375,4816 374,4815 373,4815 372,4814 372,4812 371,4812 349,4812 348,4811 347,4811 344,4808 245,4809 244,4810 243,4810 242,4811 216,4812 216,4812 216,4827 216,4828 197,4828 196,4828 195,4731 195,4730 215,4730 216,4730 216,4736 216,4737 234,4737 235,4738 239,4738 241,4739 241,4743 242,4744 243,4744 244,4745 245,4745 246,4746 248,4746 251,4749 254,4749 255,4750 257,4750 260,4753 295,4753 296,4754 297,4754 298,4755 407,4753 408,4752 408,4750 409,4749 409,4747 410,4746 410,4745 411,4744 411,4743 412,4742 413,4742 414,4741 414,4740 415,4739 416,4739 421,4734 422,4734 423,4733 424,4733 426,4731 435,4731 436,4732 446,4731 447,4732 447,4733 447,4733 456,4733 457,4734 475,4734 476,4735 610,4733 611,4733 611,4734 611,4735 613,4735 616,4737 616,4756 616,4757 663,4756 665,4754 745,4753 746,4752 786,4751 787,4751 787,4748 787,4747 788,4747 790,4746 790,4744 791,4743 791,4741 792,4739 814,4739 816,4737 817,4737 821,4733 822,4733 824,4731 827,4731 828,4730 833,4729 834,4728 835,4728 836,4729 841,4729 842,4730 843,4730 845,4732 846,4732 847,4733 852,4733 853,4734 853,4743 853,4743 951,4742 952,4743 953,4743 954,4743 954,4745 954,4746 1050,4744 1051,4743 1088,4743 1089,4742 1089,4735 1090,4734 1090,4733 1091,4732 1091,4731 1092,4729 1148,4729 1149,4728 1149,4726 1150,4725 1152,4725 1156,4721 1155,4720 1156,4720 1159,4719 1161,4717 1165,4717 1166,4716 1171,4716 1172,4717 1174,4717 1175,4718 1256,4717 1258,4715 1260,4715 1262,4717 1263,4717 1265,4719 1302,4718 1303,4719 1304,4719 1305,4720 1305,4721 1305,4721 1388,4720 1390,4722 1392,4722 1395,4724 1395,4739 1397,4742 1443,4741 1445,4743 1520,4742 1522,4740 1525,4740 1526,4740 1526,4741 1526,4742 1546,4742 1547,4743 1668,4741 1670,4739 1670,4738 1670,4738 1671,4738 1676,4733 1679,4733 1680,4732 1680,4723 1681,4722 1681,4719 1683,4716 1685,4716 1686,4717 1687,4717 1688,4718 1688,4719 1689,4720 1689,4726 1689,4726 1804,4725 1809,4720 1811,4720 1812,4719 1812,4718 1812,4717 1814,4717 1815,4716 1866,4716 1867,4715 1869,4715 1870,4714 1907,4713 1907,4713 1907,4707 1908,4706 1917,4706 1917,4706 1919,4811 1918,4812"/>
        <TextEquiv index="0">
          <Unicode>dern Geb&#228;uen / &#383;tatt&#11799; und k&#246;&#383;tlich renovirt; die</Unicode>
        </TextEquiv>
        <TextEquiv index="1">
          <Unicode>dern Geb&#228;uen / &#383;tatt&#11799;und k&#246;&#383;tlich renovirt; die</Unicode>
        </TextEquiv>
      </TextLine>
      <TextLine id="l15">
        <Coords points="1907,4920 1907,4920 1906,4908 1906,4907 1834,4908 1833,4908 1833,4900 1833,4899 1811,4900 1809,4898 1808,4898 1807,4897 1806,4896 1806,4895 1805,4894 1804,4894 1803,4893 1801,4893 1800,4892 1708,4893 1707,4892 1591,4894 1590,4894 1591,4921 1589,4923 1569,4923 1568,4922 1567,4922 1567,4922 1567,4921 1566,4920 1565,4896 1565,4895 1472,4897 1471,4898 1470,4897 1373,4898 1372,4899 1371,4899 1369,4901 1367,4901 1366,4900 1365,4900 1364,4899 1363,4899 1360,4896 1359,4896 1358,4895 1298,4896 1247,4897 1244,4900 1243,4900 1242,4901 1239,4901 1238,4902 1213,4903 1212,4904 1188,4904 1187,4905 1187,4913 1186,4914 1186,4916 1186,4917 1186,4926 1184,4928 1184,4929 1183,4929 1182,4929 1181,4930 1180,4930 1178,4928 1177,4908 1177,4907 1088,4909 1087,4908 987,4909 984,4912 983,4912 982,4913 955,4914 954,4915 917,4915 916,4916 915,4916 914,4917 913,4916 862,4917 860,4915 786,4916 785,4917 786,4929 785,4930 785,4933 784,4933 783,4933 781,4935 779,4935 778,4936 769,4936 765,4932 765,4929 764,4928 764,4920 763,4920 754,4920 753,4919 696,4920 694,4918 582,4919 581,4920 577,4920 576,4921 569,4922 568,4921 568,4920 568,4920 566,4920 565,4919 563,4919 561,4917 561,4916 560,4915 560,4914 560,4914 557,4914 555,4912 555,4911 555,4911 479,4912 478,4913 477,4913 474,4915 474,4916 473,4917 473,4918 472,4919 472,4920 472,4921 469,4921 468,4922 467,4921 398,4922 397,4921 313,4922 312,4923 311,4923 309,4925 304,4926 303,4927 295,4927 294,4928 287,4928 286,4929 216,4930 216,4930 216,4945 215,4946 198,4946 198,4946 196,4829 197,4828 216,4828 216,4828 216,4835 216,4836 287,4835 288,4836 292,4836 293,4837 298,4837 299,4838 303,4838 304,4839 324,4838 329,4844 330,4859 330,4859 351,4859 354,4856 355,4856 356,4855 412,4854 412,4853 412,4852 413,4851 413,4850 414,4850 415,4850 416,4849 417,4849 418,4848 419,4848 420,4847 423,4847 423,4847 423,4852 424,4853 425,4853 426,4854 427,4854 429,4856 516,4854 517,4853 517,4852 522,4847 522,4846 524,4844 527,4844 528,4843 529,4843 530,4842 541,4842 542,4841 543,4842 548,4842 549,4843 554,4843 555,4844 556,4844 558,4846 680,4844 681,4843 682,4844 683,4844 684,4845 760,4844 762,4842 770,4841 772,4844 772,4845 773,4846 774,4857 774,4857 821,4857 823,4858 823,4859 823,4860 897,4858 898,4858 897,4849 898,4848 899,4848 901,4846 902,4846 902,4846 902,4845 907,4840 908,4840 911,4837 914,4837 915,4836 917,4836 918,4838 918,4840 919,4841 920,4854 920,4854 1039,4852 1040,4851 1040,4849 1041,4848 1041,4847 1042,4846 1042,4845 1045,4842 1045,4840 1048,4837 1048,4834 1051,4831 1053,4831 1055,4829 1057,4829 1058,4828 1079,4828 1080,4827 1091,4827 1091,4827 1091,4828 1092,4829 1093,4828 1094,4829 1095,4829 1096,4830 1191,4829 1193,4827 1194,4827 1195,4826 1198,4826 1199,4825 1202,4825 1203,4826 1209,4826 1209,4826 1209,4827 1210,4828 1211,4828 1211,4828 1211,4842 1212,4843 1311,4841 1311,4841 1311,4829 1312,4828 1313,4828 1315,4826 1325,4826 1326,4825 1327,4825 1328,4824 1329,4824 1330,4825 1333,4825 1334,4826 1345,4826 1346,4827 1347,4827 1349,4829 1350,4829 1351,4830 1352,4830 1353,4831 1353,4833 1355,4835 1355,4836 1357,4838 1357,4840 1358,4841 1358,4849 1359,4849 1390,4849 1391,4850 1466,4849 1466,4848 1466,4824 1470,4821 1471,4821 1472,4822 1476,4822 1478,4824 1554,4822 1555,4821 1556,4821 1557,4820 1628,4819 1629,4818 1631,4818 1632,4819 1634,4819 1636,4822 1636,4846 1637,4846 1796,4844 1796,4843 1796,4832 1797,4831 1797,4829 1799,4828 1800,4828 1800,4827 1800,4826 1801,4826 1803,4826 1804,4825 1806,4825 1808,4823 1809,4824 1810,4824 1810,4824 1810,4828 1811,4829 1811,4830 1814,4832 1815,4832 1817,4834 1819,4834 1820,4835 1821,4835 1822,4836 1825,4836 1826,4837 1907,4836 1907,4836 1907,4813 1907,4812 1918,4812 1919,4812 1921,4919 1920,4920"/>
        <TextEquiv index="0">
          <Unicode>Stadt Billiche aber Kai&#383;er Rudolphus der</Unicode>
        </TextEquiv>
        <TextEquiv index="1">
          <Unicode>Stadt Billiche aber Kai&#383;er Rudolphus der</Unicode>
        </TextEquiv>
      </TextLine>
      <TextLine id="l16">
        <Coords points="826,5048 825,5047 817,5047 816,5046 767,5046 766,5046 200,5054 199,5054 198,4947 198,4946 287,4945 289,4943 290,4943 291,4944 292,4944 297,4949 375,4947 377,4949 1202,4937 1205,4934 1206,4934 1208,4932 1633,4925 1634,4924 1920,4920 1921,4920 1922,5028 1922,5029 1908,5029 1907,5029 1907,5018 1907,5017 1137,5029 1136,5030 1135,5030 1134,5031 1133,5031 1131,5033 1130,5033 1129,5034 1128,5034 1127,5035 1126,5035 1125,5036 1122,5036 1121,5037 840,5041 839,5042 835,5042 832,5046 829,5046 827,5048"/>
        <TextEquiv index="0">
          <Unicode>Er&#383;te / mit Freyheiten begabet habe. Weilen</Unicode>
        </TextEquiv>
        <TextEquiv index="1">
          <Unicode>Er&#383;te / mit Freyheiten begabet habe. Weilen</Unicode>
        </TextEquiv>
      </TextLine>
      <TextLine id="l17">
        <Coords points="1907,5138 1907,5138 1907,5115 1906,5114 1849,5115 1849,5115 1849,5116 1847,5118 1844,5118 1842,5116 1820,5116 1820,5116 1820,5115 1819,5114 1791,5115 1789,5113 1726,5114 1726,5114 1726,5120 1725,5121 1725,5127 1722,5130 1718,5130 1718,5130 1718,5132 1717,5133 1716,5133 1716,5133 1716,5132 1715,5131 1710,5131 1709,5130 1708,5130 1707,5129 1706,5129 1704,5127 1704,5126 1703,5125 1703,5118 1702,5117 1692,5117 1691,5116 1691,5115 1690,5114 1635,5115 1634,5116 1633,5116 1629,5112 1563,5113 1562,5114 1561,5114 1558,5117 1557,5116 1556,5116 1556,5116 1556,5115 1555,5114 1522,5115 1521,5114 1452,5115 1451,5116 1429,5116 1429,5117 1429,5123 1428,5124 1428,5133 1427,5133 1425,5133 1424,5134 1423,5134 1422,5135 1397,5136 1396,5137 1395,5137 1394,5136 1391,5136 1388,5133 1388,5119 1387,5118 1373,5118 1372,5117 1317,5118 1316,5119 1315,5119 1314,5120 1304,5120 1303,5121 1259,5122 1258,5121 1255,5121 1253,5119 1252,5119 1252,5119 1252,5118 1250,5116 1249,5116 1247,5114 1247,5113 1246,5112 1245,5112 1241,5108 1230,5108 1228,5107 1228,5100 1228,5099 1189,5100 1188,5101 1189,5120 1188,5121 1188,5125 1187,5125 1185,5125 1184,5126 1181,5126 1181,5127 1181,5133 1180,5133 1179,5133 1178,5135 1178,5139 1176,5140 1163,5140 1162,5141 1146,5142 1145,5140 1145,5126 1144,5126 1086,5127 1086,5127 1086,5135 1085,5136 1085,5137 1084,5138 1084,5139 1083,5140 1083,5143 1081,5145 1079,5145 1079,5145 1079,5146 1079,5147 1072,5147 1070,5146 1067,5146 1065,5143 1065,5142 1064,5141 1064,5136 1063,5135 1063,5130 1062,5130 1052,5130 1052,5130 1052,5129 1050,5127 997,5128 995,5130 925,5131 924,5132 922,5132 922,5133 922,5134 921,5134 918,5134 918,5134 918,5133 917,5132 867,5133 866,5132 864,5132 862,5130 862,5129 860,5127 858,5127 857,5126 856,5126 854,5124 774,5125 774,5126 774,5127 773,5128 773,5130 767,5136 767,5138 766,5139 765,5139 763,5141 763,5142 762,5143 762,5144 761,5145 761,5147 759,5150 758,5150 757,5151 752,5151 751,5150 749,5150 748,5149 748,5132 747,5132 717,5132 715,5130 652,5131 651,5130 588,5131 588,5132 588,5133 586,5135 586,5136 584,5138 584,5139 583,5140 583,5143 580,5146 580,5147 579,5148 579,5149 577,5151 577,5152 576,5153 576,5154 574,5156 571,5157 570,5156 569,5156 567,5154 567,5153 566,5152 566,5133 565,5133 536,5133 535,5132 447,5133 446,5135 446,5136 445,5137 445,5139 444,5140 444,5141 443,5142 443,5143 442,5144 442,5145 439,5148 436,5148 435,5149 434,5149 433,5150 432,5150 431,5151 427,5151 425,5148 425,5147 424,5146 424,5145 423,5144 423,5140 422,5139 422,5125 421,5125 368,5126 367,5127 366,5127 366,5127 366,5128 365,5129 364,5129 361,5132 360,5132 358,5134 357,5133 294,5134 292,5136 249,5136 249,5137 249,5138 247,5139 216,5140 216,5140 216,5146 215,5147 201,5147 201,5147 199,5055 200,5054 215,5054 215,5054 216,5071 216,5072 272,5071 273,5071 273,5066 274,5065 274,5063 274,5062 276,5062 278,5060 279,5060 281,5058 282,5058 283,5057 284,5057 287,5054 290,5054 291,5055 295,5055 296,5056 299,5056 300,5056 300,5074 301,5076 356,5075 357,5074 359,5074 360,5074 360,5075 361,5076 361,5077 361,5078 428,5077 429,5076 429,5075 429,5075 430,5075 432,5073 433,5073 434,5072 435,5072 437,5073 437,5074 437,5075 489,5074 490,5074 490,5075 491,5076 491,5077 491,5078 547,5077 548,5076 549,5076 550,5075 550,5055 550,5055 551,5055 552,5055 552,5075 552,5076 561,5076 564,5073 566,5073 567,5074 589,5073 591,5075 683,5074 684,5073 684,5070 687,5067 687,5065 689,5063 689,5062 690,5061 690,5060 691,5059 693,5059 694,5058 694,5057 696,5055 699,5055 701,5056 701,5057 702,5058 702,5072 702,5072 748,5072 749,5073 813,5072 814,5071 814,5070 818,5066 818,5065 819,5064 819,5063 820,5062 821,5062 823,5060 823,5059 823,5059 825,5059 826,5058 827,5058 831,5054 839,5053 840,5054 847,5054 848,5055 855,5055 856,5056 859,5056 861,5058 883,5058 884,5059 890,5059 891,5060 945,5059 946,5058 947,5058 948,5057 950,5057 951,5056 952,5056 953,5055 954,5055 955,5054 1005,5053 1006,5052 1008,5052 1009,5053 1061,5052 1063,5050 1066,5053 1068,5053 1070,5054 1070,5068 1070,5069 1114,5068 1115,5067 1116,5067 1117,5068 1118,5068 1119,5069 1120,5070 1120,5071 1120,5071 1172,5070 1174,5069 1174,5066 1176,5064 1176,5062 1178,5060 1178,5059 1179,5058 1179,5057 1180,5055 1218,5055 1219,5054 1219,5051 1223,5047 1224,5047 1224,5046 1224,5045 1226,5043 1230,5043 1233,5040 1234,5040 1235,5039 1263,5039 1264,5038 1265,5038 1266,5037 1276,5037 1277,5036 1278,5037 1319,5036 1319,5036 1319,5027 1320,5026 1339,5026 1339,5026 1340,5057 1340,5058 1388,5057 1390,5055 1390,5054 1391,5053 1391,5049 1392,5048 1392,5047 1393,5046 1394,5046 1394,5045 1394,5043 1397,5041 1398,5041 1400,5038 1400,5037 1401,5037 1403,5037 1404,5036 1407,5036 1409,5034 1411,5034 1412,5033 1414,5033 1415,5034 1416,5034 1417,5035 1441,5034 1443,5036 1444,5036 1448,5041 1449,5055 1449,5055 1507,5054 1508,5054 1508,5046 1508,5045 1509,5045 1510,5044 1512,5044 1512,5044 1512,5043 1513,5042 1513,5041 1519,5035 1522,5035 1525,5032 1527,5034 1528,5034 1529,5035 1570,5034 1571,5035 1598,5035 1599,5036 1616,5036 1617,5037 1650,5036 1652,5038 1711,5037 1714,5041 1715,5056 1715,5056 1765,5055 1766,5055 1766,5054 1766,5053 1768,5053 1770,5055 1799,5055 1801,5057 1826,5056 1827,5056 1826,5032 1827,5031 1828,5031 1828,5032 1829,5056 1829,5056 1860,5056 1861,5055 1861,5050 1862,5049 1862,5048 1866,5044 1866,5043 1866,5043 1867,5043 1868,5042 1870,5042 1871,5041 1907,5040 1907,5040 1907,5030 1908,5029 1922,5029 1922,5029 1924,5137 1923,5138"/>
        <TextEquiv index="0">
          <Unicode>aber zweyerley Billiche / Wa&#383;&#383;erbillich und</Unicode>
        </TextEquiv>
        <TextEquiv index="1">
          <Unicode>aber zweyerley Billiche / Wa&#383;&#383;erbillich und</Unicode>
        </TextEquiv>
      </TextLine>
      <TextLine id="l18">
        <Coords points="1907,5247 1907,5247 1906,5227 1906,5226 1779,5228 1778,5229 1778,5237 1777,5238 1777,5239 1777,5239 1776,5239 1775,5240 1769,5240 1768,5239 1767,5239 1764,5236 1761,5236 1760,5235 1750,5236 1749,5235 1747,5235 1745,5233 1745,5231 1744,5230 1621,5231 1619,5234 1616,5234 1615,5235 1613,5235 1612,5236 1559,5236 1558,5237 1557,5237 1555,5239 1553,5240 1552,5239 1551,5239 1550,5238 1549,5238 1548,5237 1547,5237 1546,5236 1545,5236 1543,5234 1543,5231 1542,5230 1542,5225 1542,5225 1210,5230 1207,5233 1124,5234 1123,5235 1123,5236 1122,5237 1122,5238 1122,5238 1006,5240 1005,5239 870,5241 869,5241 869,5242 868,5243 869,5252 867,5254 867,5255 866,5256 864,5256 863,5255 839,5255 735,5257 734,5258 733,5258 732,5257 729,5257 726,5254 725,5254 725,5254 725,5253 723,5251 722,5241 722,5240 712,5240 711,5240 711,5239 711,5238 579,5240 578,5241 517,5242 516,5243 517,5256 515,5257 511,5257 510,5258 501,5259 501,5258 501,5257 499,5256 426,5257 423,5254 344,5255 344,5254 343,5243 343,5243 216,5245 216,5245 216,5249 215,5250 216,5265 215,5266 203,5266 203,5266 201,5148 201,5147 215,5147 216,5147 216,5157 216,5158 293,5157 294,5158 303,5158 304,5159 337,5158 338,5159 340,5159 340,5160 340,5161 341,5162 341,5163 342,5163 451,5161 452,5162 548,5161 549,5162 551,5162 551,5162 551,5163 552,5164 727,5161 729,5163 731,5163 731,5164 731,5166 732,5167 732,5182 733,5182 857,5180 857,5180 857,5178 858,5177 858,5174 860,5172 860,5171 861,5170 861,5169 865,5165 867,5163 868,5163 871,5160 877,5160 878,5159 987,5157 989,5159 1028,5159 1029,5160 1030,5159 1031,5160 1033,5160 1033,5161 1033,5162 1034,5163 1034,5164 1035,5165 1035,5178 1036,5178 1122,5177 1123,5176 1157,5176 1158,5175 1180,5174 1181,5173 1250,5172 1250,5172 1250,5171 1253,5168 1255,5168 1256,5167 1263,5167 1264,5168 1331,5167 1331,5166 1331,5152 1335,5149 1336,5149 1336,5149 1337,5150 1337,5151 1338,5152 1338,5166 1339,5167 1408,5166 1410,5164 1510,5162 1511,5161 1522,5161 1522,5160 1522,5151 1523,5150 1523,5149 1524,5149 1530,5149 1532,5146 1532,5145 1534,5144 1535,5144 1535,5143 1547,5143 1551,5146 1551,5147 1552,5148 1552,5160 1553,5161 1617,5160 1618,5161 1622,5160 1623,5161 1744,5160 1744,5159 1744,5149 1745,5149 1750,5148 1750,5148 1750,5147 1751,5146 1751,5144 1754,5141 1756,5141 1756,5140 1758,5140 1759,5139 1761,5139 1762,5138 1764,5138 1765,5137 1768,5137 1769,5136 1775,5136 1776,5135 1780,5135 1781,5134 1792,5134 1793,5135 1795,5135 1796,5136 1797,5136 1799,5138 1801,5138 1802,5139 1803,5139 1804,5140 1923,5138 1924,5138 1926,5246 1925,5247"/>
        <TextEquiv index="0">
          <Unicode>Wel&#383;chbillich; &#383;o k&#246;nnen wir noch zur Zeit</Unicode>
        </TextEquiv>
        <TextEquiv index="1">
          <Unicode>Wel&#383;chbillich; &#383;o k&#246;nnen wir noch zur Zeit</Unicode>
        </TextEquiv>
      </TextLine>
      <TextLine id="l19">
        <Coords points="899,5370 897,5368 896,5368 895,5367 895,5365 894,5364 894,5361 894,5361 763,5363 761,5365 760,5365 759,5366 758,5366 757,5365 754,5365 753,5364 753,5363 753,5363 751,5363 749,5361 749,5348 749,5348 738,5348 736,5346 604,5348 603,5349 525,5350 524,5351 524,5353 522,5355 522,5356 521,5357 521,5360 520,5361 520,5362 519,5363 518,5363 517,5364 516,5364 515,5365 509,5365 508,5366 499,5367 498,5366 497,5366 496,5365 492,5365 490,5363 489,5363 488,5362 362,5364 360,5362 359,5362 356,5359 356,5357 355,5356 355,5347 354,5347 216,5349 216,5349 216,5367 216,5368 205,5368 204,5368 203,5267 203,5266 215,5266 216,5266 216,5269 216,5270 297,5269 298,5270 357,5269 358,5269 358,5270 359,5272 360,5272 361,5273 479,5271 481,5272 481,5286 482,5287 629,5285 630,5284 632,5284 632,5283 632,5282 633,5281 646,5280 647,5280 647,5279 647,5278 648,5278 649,5278 649,5277 650,5275 651,5275 653,5274 653,5273 656,5269 657,5269 658,5268 659,5268 660,5267 666,5267 667,5268 747,5267 749,5269 750,5269 751,5270 752,5270 754,5271 754,5272 754,5273 909,5270 912,5267 913,5267 914,5266 917,5266 918,5265 938,5265 939,5264 949,5264 951,5265 951,5266 951,5267 953,5267 954,5268 955,5268 956,5268 956,5269 957,5270 957,5271 958,5272 958,5287 959,5288 1076,5286 1077,5284 1077,5283 1079,5281 1079,5279 1080,5278 1080,5277 1081,5276 1081,5275 1082,5274 1084,5274 1087,5276 1087,5282 1088,5283 1229,5280 1229,5280 1229,5274 1230,5273 1230,5272 1230,5271 1231,5271 1233,5270 1233,5269 1237,5265 1237,5264 1240,5260 1242,5260 1243,5260 1243,5259 1243,5258 1303,5257 1304,5258 1304,5259 1305,5260 1436,5258 1440,5254 1442,5254 1444,5252 1617,5250 1618,5249 1626,5248 1627,5249 1628,5249 1630,5251 1630,5267 1630,5267 1675,5267 1677,5269 1716,5268 1717,5269 1718,5269 1719,5270 1765,5269 1766,5270 1906,5268 1907,5268 1907,5248 1907,5247 1925,5247 1926,5247 1927,5345 1927,5346 1908,5346 1907,5346 1907,5329 1906,5328 1815,5330 1815,5329 1815,5328 1814,5328 1812,5328 1812,5327 1812,5326 1811,5326 1714,5327 1713,5326 1574,5328 1573,5329 1540,5330 1540,5330 1540,5345 1540,5346 1512,5346 1511,5347 1438,5348 1436,5346 1309,5348 1308,5349 1307,5349 1306,5348 1304,5348 1302,5347 1302,5346 1301,5345 1301,5340 1300,5339 1164,5341 1164,5342 1062,5344 1061,5345 1061,5348 1060,5349 1060,5350 1059,5351 1058,5351 1057,5352 934,5354 933,5354 933,5364 932,5366 904,5366 903,5367 903,5368 902,5369"/>
        <TextEquiv index="0">
          <Unicode>nicht eigentlich wi&#383;&#383;en / welches hie oben ver&#11799;</Unicode>
        </TextEquiv>
        <TextEquiv index="1">
          <Unicode>nicht eigentlich wi&#383;&#383;en / welches hie oben ver&#11799;</Unicode>
        </TextEquiv>
      </TextLine>
      <TextLine id="l20">
        <Coords points="1907,5462 1907,5462 1907,5455 1906,5454 1870,5455 1869,5454 1138,5465 1137,5466 1137,5471 1135,5474 1133,5474 1131,5473 1128,5473 1128,5473 1128,5471 1127,5470 934,5473 933,5472 933,5471 932,5470 932,5457 931,5456 806,5458 805,5457 801,5457 800,5456 247,5464 247,5465 247,5468 246,5469 246,5470 243,5473 216,5473 216,5473 216,5477 215,5478 206,5478 206,5478 204,5369 205,5368 216,5368 216,5368 216,5370 216,5371 265,5370 266,5371 268,5371 269,5372 270,5372 270,5373 270,5374 274,5377 275,5377 276,5378 279,5378 280,5379 829,5371 830,5370 833,5370 834,5371 838,5370 839,5371 840,5371 841,5372 1384,5364 1385,5363 1437,5362 1437,5362 1437,5349 1438,5348 1636,5345 1637,5344 1641,5344 1642,5343 1649,5343 1651,5346 1651,5347 1652,5347 1731,5346 1734,5349 1927,5346 1927,5346 1929,5461 1928,5462"/>
        <TextEquiv index="0">
          <Unicode>&#383;tanden werde. Es i&#383;t &#383;on&#383;ten Wa&#383;&#383;erbillich</Unicode>
        </TextEquiv>
        <TextEquiv index="1">
          <Unicode>&#383;tanden werde. Es i&#383;t &#383;on&#383;ten Wa&#383;&#383;erbillich</Unicode>
        </TextEquiv>
      </TextLine>
      <TextLine id="l21">
        <Coords points="1907,5567 1907,5567 1906,5547 1906,5546 1714,5549 1712,5551 1636,5552 1634,5554 1633,5554 1632,5555 1632,5556 1630,5558 1627,5558 1626,5558 1626,5557 1626,5556 1624,5556 1622,5555 1622,5549 1622,5548 1551,5550 1550,5549 1550,5548 1550,5548 1348,5551 1347,5552 1307,5552 1306,5553 1304,5553 1303,5554 1280,5555 1279,5556 1258,5556 1257,5557 1186,5558 1184,5560 1184,5561 1183,5562 1183,5563 1183,5563 1180,5563 1179,5564 1178,5564 1177,5564 1177,5562 1177,5561 1001,5564 1000,5563 997,5563 995,5561 989,5561 987,5559 740,5563 739,5564 731,5564 730,5563 726,5563 725,5562 714,5562 713,5561 712,5561 711,5560 708,5560 706,5558 639,5560 638,5559 421,5562 420,5562 420,5573 419,5574 419,5575 419,5576 418,5576 414,5580 401,5580 400,5581 399,5580 392,5580 392,5580 392,5579 391,5578 390,5560 390,5559 250,5561 249,5562 216,5563 216,5563 216,5577 215,5578 216,5585 215,5586 208,5586 208,5586 206,5479 206,5478 215,5478 216,5478 216,5479 216,5480 295,5479 299,5482 408,5480 409,5481 410,5481 411,5482 521,5480 522,5481 523,5481 523,5482 523,5483 524,5483 525,5483 525,5484 525,5488 526,5488 565,5488 566,5489 566,5490 567,5491 694,5489 697,5486 698,5486 700,5484 702,5484 702,5483 702,5482 703,5482 705,5481 707,5479 709,5479 710,5478 723,5478 724,5477 737,5477 738,5478 743,5478 745,5480 748,5480 749,5481 755,5481 757,5483 760,5483 761,5484 774,5483 775,5484 777,5484 778,5486 778,5487 779,5487 955,5485 958,5482 960,5482 962,5480 966,5480 967,5478 973,5478 974,5477 981,5477 982,5478 996,5478 997,5479 998,5479 1000,5481 1033,5480 1034,5481 1035,5481 1035,5482 1035,5483 1036,5484 1036,5486 1037,5486 1091,5486 1092,5487 1093,5487 1095,5489 1204,5487 1205,5488 1205,5496 1206,5497 1333,5495 1333,5494 1333,5488 1334,5487 1334,5486 1335,5486 1339,5486 1339,5485 1339,5484 1341,5483 1458,5481 1459,5479 1459,5478 1460,5477 1460,5476 1461,5475 1461,5474 1462,5474 1463,5474 1464,5473 1466,5473 1468,5470 1469,5470 1470,5469 1483,5469 1484,5468 1495,5467 1497,5465 1510,5465 1511,5465 1511,5463 1511,5462 1512,5462 1513,5461 1519,5461 1521,5463 1522,5463 1523,5464 1650,5462 1651,5463 1652,5463 1653,5464 1701,5463 1703,5465 1703,5471 1704,5471 1739,5471 1740,5472 1907,5469 1907,5469 1907,5463 1907,5462 1928,5462 1929,5462 1931,5566 1930,5567"/>
        <TextEquiv index="0">
          <Unicode>oberhalb der Stadt Trier / an der Mo&#383;el / und</Unicode>
        </TextEquiv>
        <TextEquiv index="1">
          <Unicode>oberhalb der Stadt Trier / an der Mo&#383;el / und</Unicode>
        </TextEquiv>
      </TextLine>
      <TextLine id="l22">
        <Coords points="1085,5687 1083,5685 1083,5684 1082,5683 1082,5682 1081,5681 1081,5679 1080,5678 1080,5670 1079,5670 1069,5670 1067,5668 939,5670 938,5669 890,5670 890,5669 890,5668 888,5667 865,5667 864,5666 790,5667 790,5667 790,5666 789,5665 748,5666 747,5665 669,5666 669,5667 669,5668 668,5668 667,5668 667,5669 667,5670 666,5670 654,5670 653,5671 647,5671 646,5670 639,5671 638,5670 636,5670 634,5668 632,5668 630,5666 527,5667 526,5666 466,5667 466,5668 466,5684 466,5684 439,5685 438,5684 438,5683 437,5682 437,5666 436,5666 375,5667 374,5668 319,5668 318,5669 317,5669 317,5670 317,5671 316,5671 291,5672 291,5672 291,5674 290,5675 231,5676 231,5676 231,5680 230,5682 216,5682 216,5682 216,5689 216,5690 210,5690 209,5690 208,5587 208,5586 215,5586 216,5586 216,5605 216,5606 242,5606 244,5608 343,5606 344,5605 345,5605 348,5602 349,5602 350,5601 353,5601 354,5602 355,5602 357,5603 357,5607 357,5608 428,5607 429,5606 429,5594 430,5593 438,5593 439,5592 439,5591 441,5589 446,5588 447,5587 452,5587 453,5588 454,5588 455,5589 458,5589 461,5592 461,5593 462,5594 462,5597 462,5597 525,5596 527,5595 527,5594 528,5592 529,5592 530,5591 531,5591 533,5589 558,5589 559,5588 560,5588 561,5587 624,5586 625,5585 627,5585 628,5584 630,5584 631,5583 632,5583 633,5582 634,5582 635,5581 641,5580 642,5581 647,5581 648,5582 662,5582 663,5583 663,5585 663,5585 679,5585 682,5588 683,5588 684,5588 684,5590 685,5591 685,5593 686,5594 686,5608 687,5609 714,5608 714,5609 714,5610 715,5610 764,5610 765,5611 783,5610 784,5611 849,5610 850,5611 916,5610 918,5608 971,5607 972,5606 973,5606 973,5607 973,5612 974,5612 1047,5611 1048,5610 1060,5610 1060,5610 1060,5600 1060,5599 1066,5599 1069,5596 1069,5595 1069,5595 1070,5595 1072,5593 1073,5593 1075,5591 1076,5592 1080,5592 1081,5593 1083,5593 1088,5597 1088,5608 1089,5609 1149,5608 1150,5607 1153,5607 1155,5609 1220,5608 1222,5606 1285,5605 1285,5604 1285,5603 1287,5601 1287,5600 1288,5599 1288,5598 1289,5597 1289,5595 1292,5592 1292,5588 1292,5588 1294,5588 1295,5588 1296,5588 1297,5589 1297,5600 1297,5600 1313,5600 1314,5601 1317,5601 1320,5603 1426,5601 1427,5601 1427,5592 1428,5591 1428,5590 1432,5586 1432,5585 1433,5583 1484,5583 1486,5581 1486,5579 1486,5579 1487,5579 1490,5582 1555,5581 1556,5580 1558,5579 1560,5577 1561,5577 1563,5575 1565,5575 1566,5575 1566,5574 1567,5572 1571,5572 1572,5571 1573,5571 1574,5570 1579,5570 1581,5568 1589,5568 1590,5569 1592,5569 1593,5570 1632,5569 1633,5570 1634,5570 1636,5572 1636,5573 1637,5574 1637,5593 1637,5593 1659,5593 1661,5591 1662,5591 1663,5590 1695,5589 1696,5588 1697,5588 1698,5589 1775,5588 1776,5587 1829,5586 1830,5586 1830,5581 1832,5579 1832,5577 1833,5575 1836,5575 1837,5576 1838,5576 1839,5577 1839,5578 1840,5579 1840,5592 1840,5592 1906,5591 1907,5591 1907,5568 1907,5567 1930,5567 1931,5567 1932,5671 1932,5672 1908,5672 1907,5672 1907,5655 1906,5654 1821,5655 1820,5654 1819,5654 1819,5654 1819,5651 1818,5651 1774,5651 1773,5650 1717,5651 1716,5650 1614,5652 1613,5653 1610,5653 1609,5654 1605,5654 1604,5655 1596,5655 1595,5656 1590,5656 1589,5657 1587,5657 1586,5656 1578,5656 1577,5655 1576,5655 1575,5654 1571,5654 1569,5652 1483,5654 1482,5655 1481,5655 1480,5656 1479,5657 1479,5658 1478,5659 1477,5659 1475,5657 1461,5657 1461,5657 1461,5662 1460,5663 1460,5662 1460,5657 1459,5657 1392,5658 1391,5659 1388,5659 1387,5660 1267,5662 1267,5662 1267,5665 1265,5667 1265,5670 1264,5671 1264,5675 1262,5678 1261,5678 1260,5679 1260,5680 1260,5680 1258,5678 1257,5678 1256,5678 1256,5667 1255,5666 1219,5667 1218,5666 1217,5666 1217,5665 1217,5664 1216,5664 1122,5665 1121,5666 1120,5666 1119,5667 1100,5667 1100,5668 1100,5680 1099,5682 1098,5682 1095,5685 1093,5685 1092,5686 1089,5686 1088,5687"/>
        <TextEquiv index="0">
          <Unicode>unterhalb Grevenmacheren / wo die Sauer in</Unicode>
        </TextEquiv>
        <TextEquiv index="1">
          <Unicode>unterhalb Grevenmacheren / wo die Sauer in</Unicode>
        </TextEquiv>
      </TextLine>
      <TextLine id="l23">
        <Coords points="1033,5795 1032,5794 1026,5794 1025,5793 1015,5793 1014,5792 1012,5792 1010,5789 1010,5788 1009,5787 1009,5784 1008,5783 1008,5775 1007,5775 986,5775 985,5774 909,5775 909,5776 909,5777 908,5778 908,5780 906,5782 906,5783 905,5784 905,5786 904,5787 904,5789 902,5791 897,5791 896,5792 888,5792 887,5793 880,5793 879,5792 877,5792 875,5790 874,5790 873,5789 870,5789 869,5788 867,5786 867,5780 866,5779 818,5780 817,5778 817,5775 816,5775 758,5776 756,5774 668,5775 666,5773 665,5773 664,5772 660,5772 659,5771 585,5772 582,5775 528,5776 528,5777 528,5780 527,5781 527,5782 526,5783 526,5787 525,5788 525,5789 524,5790 524,5791 522,5792 521,5792 520,5793 518,5793 515,5790 515,5782 514,5781 446,5782 445,5781 444,5782 444,5781 444,5780 442,5778 442,5777 441,5776 441,5774 440,5774 398,5774 397,5773 396,5773 396,5774 396,5797 395,5797 394,5797 394,5797 394,5774 393,5773 316,5774 313,5778 312,5777 216,5778 216,5779 216,5802 215,5802 211,5802 211,5802 209,5691 210,5690 230,5690 230,5689 230,5684 231,5684 232,5685 232,5687 233,5688 233,5699 234,5700 243,5700 244,5701 356,5699 361,5694 363,5694 364,5693 388,5692 391,5689 396,5689 397,5688 440,5688 440,5687 440,5685 441,5685 465,5684 465,5685 465,5699 466,5699 524,5698 525,5697 526,5697 526,5697 526,5696 527,5695 530,5695 531,5694 533,5694 535,5692 537,5692 538,5693 543,5693 545,5695 632,5694 633,5693 636,5693 637,5692 639,5692 640,5693 643,5692 644,5693 645,5693 647,5696 647,5699 648,5699 720,5698 721,5697 722,5697 723,5696 724,5696 725,5695 728,5695 729,5694 743,5694 745,5696 774,5695 775,5697 775,5698 776,5699 777,5711 777,5711 797,5711 798,5710 848,5709 850,5708 850,5707 851,5705 852,5705 853,5704 855,5706 855,5707 856,5708 856,5710 857,5711 857,5716 857,5716 953,5715 954,5714 954,5713 955,5712 955,5708 956,5707 956,5706 958,5704 959,5704 964,5699 973,5698 973,5699 973,5700 974,5701 975,5717 975,5717 1035,5716 1037,5718 1159,5717 1162,5714 1162,5713 1163,5712 1163,5711 1165,5709 1165,5708 1166,5706 1167,5706 1168,5707 1169,5708 1169,5709 1170,5710 1170,5714 1170,5714 1286,5713 1287,5712 1287,5706 1288,5705 1288,5703 1289,5702 1288,5701 1289,5701 1290,5701 1290,5700 1290,5699 1291,5699 1293,5699 1294,5698 1296,5700 1297,5703 1298,5704 1299,5704 1300,5705 1302,5705 1304,5707 1356,5707 1357,5708 1425,5707 1426,5706 1425,5695 1426,5694 1426,5692 1429,5689 1482,5689 1483,5690 1484,5690 1484,5690 1484,5695 1485,5696 1489,5696 1492,5698 1543,5698 1543,5698 1543,5699 1544,5700 1617,5699 1619,5697 1645,5696 1646,5695 1718,5694 1718,5694 1718,5691 1719,5690 1719,5689 1726,5682 1728,5682 1729,5681 1732,5681 1732,5680 1732,5679 1734,5678 1737,5678 1738,5677 1739,5677 1740,5676 1750,5676 1750,5676 1750,5686 1751,5687 1760,5686 1761,5687 1762,5687 1763,5688 1765,5688 1766,5689 1767,5689 1768,5691 1768,5692 1773,5697 1774,5698 1774,5698 1830,5697 1832,5699 1832,5701 1832,5701 1906,5700 1907,5700 1907,5697 1907,5696 1907,5673 1908,5672 1932,5672 1932,5672 1934,5779 1933,5780 1906,5780 1906,5780 1906,5776 1905,5775 1904,5775 1904,5775 1903,5758 1903,5757 1832,5758 1831,5759 1762,5760 1761,5761 1761,5762 1760,5763 1760,5763 1759,5763 1757,5765 1751,5766 1751,5766 1751,5774 1750,5775 1742,5775 1741,5774 1740,5774 1738,5771 1738,5770 1735,5767 1735,5766 1734,5765 1733,5758 1733,5758 1597,5760 1596,5761 1595,5761 1594,5761 1594,5762 1594,5763 1552,5764 1550,5766 1550,5769 1549,5770 1549,5771 1548,5772 1548,5773 1547,5774 1546,5774 1545,5775 1545,5776 1544,5777 1541,5777 1540,5778 1534,5778 1532,5776 1531,5776 1531,5775 1531,5774 1530,5773 1530,5770 1529,5769 1529,5768 1528,5767 1527,5761 1527,5761 1453,5762 1450,5765 1448,5765 1447,5766 1423,5767 1422,5768 1421,5768 1420,5769 1382,5769 1380,5767 1311,5768 1305,5768 1304,5769 1303,5769 1302,5770 1247,5771 1246,5772 1245,5771 1144,5773 1143,5774 1143,5776 1142,5777 1140,5777 1138,5779 1137,5777 1137,5776 1136,5776 1050,5777 1050,5778 1050,5779 1049,5780 1049,5782 1045,5786 1045,5787 1044,5788 1044,5789 1039,5793 1035,5793 1034,5794"/>
        <TextEquiv index="0">
          <Unicode>die Mo&#383;el komt / gelegen / und wird zum Her&#11799;</Unicode>
        </TextEquiv>
        <TextEquiv index="1">
          <Unicode>die Mo&#383;el komt / gelegen / und wird zum Her&#11799;</Unicode>
        </TextEquiv>
      </TextLine>
      <TextLine id="l24">
        <Coords points="1905,5889 1904,5889 1904,5870 1904,5869 1839,5870 1836,5867 1756,5868 1755,5870 1754,5869 1709,5869 1708,5868 1707,5868 1705,5866 1640,5867 1639,5866 1560,5867 1559,5869 1555,5869 1554,5870 1529,5870 1528,5871 1488,5872 1487,5871 1411,5872 1409,5874 1379,5874 1378,5875 1377,5875 1376,5876 1318,5877 1317,5878 1274,5879 1273,5879 1273,5893 1272,5895 1271,5895 1268,5898 1253,5898 1252,5898 1252,5895 1251,5894 1251,5893 1250,5892 1250,5884 1250,5883 1239,5883 1238,5883 1238,5881 1238,5880 1180,5881 1178,5879 1113,5880 1111,5882 1094,5883 1092,5884 1092,5885 1090,5887 1090,5891 1085,5897 1083,5897 1081,5899 1077,5899 1076,5900 1075,5900 1074,5901 1013,5902 1012,5903 1011,5903 1010,5902 1006,5902 1005,5901 998,5901 998,5901 991,5895 991,5892 990,5891 990,5888 989,5887 989,5881 989,5880 880,5882 879,5882 879,5883 879,5884 877,5884 876,5885 847,5885 845,5887 844,5887 843,5887 843,5883 842,5882 842,5881 842,5880 821,5881 820,5880 760,5881 759,5881 759,5891 758,5893 755,5893 754,5894 750,5894 748,5892 748,5891 747,5890 747,5889 746,5888 746,5881 746,5881 662,5882 661,5883 659,5883 658,5884 594,5885 593,5886 559,5887 557,5885 485,5886 484,5887 438,5888 437,5888 437,5901 436,5903 435,5903 434,5904 432,5904 430,5906 412,5906 411,5905 410,5904 409,5902 339,5903 338,5902 337,5902 336,5901 334,5901 331,5899 331,5898 329,5895 328,5895 326,5894 326,5893 325,5892 325,5890 325,5889 259,5890 258,5891 216,5892 216,5893 216,5899 216,5899 213,5899 212,5899 211,5803 211,5802 215,5802 216,5803 216,5812 216,5812 267,5811 267,5812 267,5825 270,5827 271,5827 272,5828 346,5827 348,5825 349,5825 352,5822 386,5821 388,5819 402,5819 402,5819 402,5816 403,5815 403,5813 404,5812 409,5812 409,5812 409,5811 410,5810 412,5810 414,5808 424,5808 425,5807 427,5809 430,5809 430,5809 430,5810 431,5811 432,5811 432,5811 432,5824 433,5825 507,5824 508,5823 509,5823 510,5824 573,5823 573,5822 573,5814 574,5814 576,5814 577,5812 580,5812 580,5812 580,5811 582,5809 583,5809 585,5807 587,5807 590,5803 593,5803 594,5802 656,5801 657,5800 659,5800 660,5799 668,5799 669,5800 669,5802 669,5802 705,5802 706,5802 706,5803 708,5804 709,5804 709,5805 709,5806 711,5808 711,5816 712,5816 750,5816 751,5817 752,5817 752,5817 752,5823 753,5824 862,5822 862,5822 862,5813 863,5812 866,5812 868,5810 868,5809 869,5808 870,5808 871,5807 872,5807 875,5804 879,5804 880,5803 881,5803 884,5806 884,5823 885,5824 887,5824 888,5825 960,5824 962,5822 966,5822 966,5822 966,5824 967,5825 982,5824 984,5826 1121,5824 1123,5822 1140,5822 1141,5821 1142,5821 1143,5822 1231,5821 1231,5820 1231,5812 1232,5811 1233,5811 1234,5810 1239,5810 1239,5810 1239,5809 1243,5805 1244,5805 1245,5804 1246,5804 1247,5803 1248,5803 1249,5802 1251,5802 1253,5804 1256,5804 1259,5808 1259,5819 1260,5819 1373,5817 1376,5814 1377,5814 1378,5813 1379,5813 1379,5813 1379,5812 1380,5811 1382,5811 1383,5810 1384,5810 1385,5811 1387,5811 1387,5812 1387,5813 1388,5814 1388,5815 1389,5815 1454,5814 1455,5813 1456,5813 1457,5812 1458,5812 1459,5811 1463,5811 1464,5810 1466,5810 1467,5811 1531,5810 1531,5809 1531,5799 1533,5797 1533,5795 1534,5794 1536,5794 1537,5795 1598,5794 1599,5794 1599,5798 1600,5799 1601,5799 1603,5801 1604,5801 1605,5802 1606,5802 1608,5804 1609,5804 1610,5805 1611,5805 1613,5807 1614,5807 1615,5808 1683,5807 1684,5806 1697,5805 1697,5805 1697,5803 1698,5802 1700,5802 1702,5804 1781,5803 1781,5803 1781,5799 1783,5797 1783,5795 1786,5792 1786,5791 1787,5789 1789,5789 1791,5787 1795,5787 1797,5788 1797,5790 1797,5791 1905,5789 1906,5789 1906,5781 1906,5780 1933,5780 1934,5780 1935,5888 1935,5889"/>
        <TextEquiv index="0">
          <Unicode>tzogthumb L&#252;tzenburg gerechnet; wie dann die</Unicode>
        </TextEquiv>
        <TextEquiv index="1">
          <Unicode>tzogthumb L&#252;tzenburg gerechnet; wie dann die</Unicode>
        </TextEquiv>
      </TextLine>
      <TextLine id="l25">
        <Coords points="1918,5999 1917,5998 1907,5998 1906,5998 1906,5996 1905,5995 1905,5976 1904,5975 1829,5976 1828,5977 1827,5977 1826,5976 1825,5976 1824,5975 1823,5975 1822,5974 1736,5976 1735,5975 1634,5976 1634,5977 1634,5993 1633,5994 1626,5994 1624,5993 1624,5992 1622,5990 1622,5977 1621,5977 1509,5978 1509,5979 1509,5996 1508,5997 1506,5997 1505,5998 1505,6002 1505,6002 1503,6002 1501,6000 1500,6000 1499,6000 1499,5986 1498,5985 1498,5982 1497,5981 1380,5983 1379,5984 1378,5984 1377,5985 1371,5985 1370,5986 1368,5986 1367,5987 1366,5987 1365,5988 1364,5988 1363,5989 1358,5990 1357,5991 1354,5991 1353,5990 1352,5990 1352,5989 1352,5988 1350,5986 1350,5985 1348,5984 1347,5984 1346,5983 1272,5984 1268,5988 1266,5986 1191,5987 1191,5988 1191,6001 1190,6002 1190,6003 1189,6004 1187,6004 1185,6006 1179,6006 1178,6005 1177,6005 1175,6004 1175,6003 1172,6000 1172,5990 1171,5989 1161,5990 1160,5989 1103,5989 1102,5988 1039,5989 1039,5990 1039,6002 1039,6002 1034,6003 1033,6004 1032,6004 1031,6005 1028,6002 1028,5994 1027,5993 1027,5987 1026,5987 915,5988 915,5989 915,5992 914,5993 914,6006 914,6006 913,6006 912,6007 909,6007 908,6006 906,6006 905,6006 905,6003 904,6002 904,5996 903,5995 903,5994 900,5992 898,5992 897,5991 843,5991 843,5991 843,5990 839,5986 775,5987 774,5988 771,5989 770,5990 728,5990 727,5991 705,5992 703,5994 663,5994 662,5993 661,5993 660,5992 578,5993 578,5994 578,6003 576,6005 576,6007 575,6009 574,6009 573,6010 572,6010 571,6011 567,6011 565,6013 562,6013 559,6010 559,6009 556,6006 556,5996 555,5996 493,5997 493,5997 493,6001 492,6002 492,6003 492,6004 488,6004 487,6004 487,6005 487,6006 486,6006 485,6005 485,6004 484,6003 484,6000 483,5999 483,5994 482,5994 458,5994 457,5993 457,5992 455,5990 393,5991 392,5990 364,5991 363,5989 363,5988 362,5988 294,5989 293,5988 291,5988 290,5987 284,5987 283,5986 216,5987 216,5988 216,6013 216,6013 215,6013 214,6013 212,5900 213,5899 216,5899 216,5900 216,5904 216,5904 275,5903 276,5904 277,5904 278,5905 280,5905 281,5906 282,5906 283,5907 286,5907 287,5908 289,5908 290,5909 291,5909 292,5910 316,5909 318,5911 319,5911 320,5912 320,5913 321,5914 321,5917 321,5917 378,5917 379,5917 379,5918 381,5920 381,5932 381,5932 467,5931 468,5931 468,5918 468,5917 491,5917 492,5916 493,5916 494,5915 494,5914 494,5914 495,5914 496,5913 506,5913 507,5914 509,5914 510,5915 557,5914 558,5915 559,5915 560,5916 562,5916 564,5917 564,5933 564,5934 639,5933 640,5932 640,5915 640,5915 666,5914 670,5910 674,5910 675,5909 678,5909 680,5907 680,5906 680,5906 681,5906 682,5907 684,5907 686,5908 686,5930 686,5931 770,5930 771,5929 785,5928 786,5928 786,5924 787,5923 787,5922 791,5918 791,5917 791,5916 792,5916 793,5915 795,5915 797,5917 797,5921 797,5921 799,5921 802,5924 803,5924 804,5925 906,5923 908,5922 908,5920 910,5918 910,5917 911,5916 911,5915 912,5913 913,5913 915,5911 916,5911 919,5908 922,5908 924,5906 927,5906 930,5909 931,5909 932,5910 933,5910 934,5911 936,5911 937,5912 939,5912 941,5914 1039,5912 1041,5910 1042,5910 1043,5909 1046,5909 1047,5910 1052,5910 1055,5913 1112,5912 1113,5913 1174,5912 1176,5914 1176,5915 1177,5916 1177,5929 1177,5929 1325,5927 1326,5927 1326,5923 1328,5920 1330,5920 1331,5919 1332,5919 1333,5918 1333,5917 1333,5917 1335,5917 1336,5916 1337,5916 1340,5913 1342,5913 1343,5912 1345,5912 1347,5910 1348,5910 1351,5907 1352,5907 1353,5906 1354,5906 1356,5904 1361,5904 1363,5901 1367,5901 1368,5902 1369,5902 1370,5903 1370,5908 1371,5909 1371,5910 1375,5914 1376,5914 1378,5916 1378,5917 1378,5917 1383,5917 1385,5919 1391,5919 1393,5921 1455,5920 1456,5920 1456,5919 1458,5916 1460,5916 1461,5915 1497,5914 1500,5912 1500,5911 1501,5910 1501,5909 1502,5908 1502,5903 1504,5901 1504,5900 1507,5896 1510,5896 1511,5895 1514,5895 1515,5896 1518,5896 1519,5897 1523,5897 1524,5898 1525,5898 1526,5899 1589,5898 1590,5897 1593,5897 1594,5896 1641,5895 1642,5894 1644,5894 1645,5893 1651,5893 1652,5894 1655,5894 1656,5895 1657,5895 1658,5896 1659,5896 1663,5900 1666,5900 1668,5901 1668,5913 1668,5914 1736,5913 1737,5912 1770,5911 1772,5910 1772,5909 1773,5908 1773,5906 1773,5905 1775,5903 1776,5903 1777,5902 1778,5902 1779,5901 1780,5901 1783,5904 1783,5905 1783,5905 1784,5905 1785,5906 1785,5907 1786,5908 1790,5908 1791,5908 1791,5909 1791,5910 1792,5910 1793,5911 1794,5911 1795,5912 1800,5912 1801,5912 1801,5913 1802,5915 1803,5915 1805,5917 1808,5917 1809,5918 1839,5917 1841,5919 1904,5918 1905,5918 1904,5890 1905,5889 1935,5889 1935,5889 1937,5998 1937,5999"/>
        <TextEquiv index="0">
          <Unicode>Trieri&#383;che Landtafel &#383;olchen Ort &#383;elb&#383;ten da&#11799;</Unicode>
        </TextEquiv>
        <TextEquiv index="1">
          <Unicode>Trieri&#383;che Landtafel &#383;olchen Ort &#383;elb&#383;ten da&#11799;</Unicode>
        </TextEquiv>
      </TextLine>
      <TextLine id="l26">
        <Coords points="1901,6127 1900,6127 1900,6092 1899,6091 1736,6094 1736,6094 1736,6106 1732,6110 1725,6110 1724,6109 1718,6109 1717,6108 1717,6106 1716,6105 1716,6092 1715,6091 1602,6093 1601,6094 1590,6094 1589,6095 1587,6095 1586,6094 1415,6097 1411,6101 1410,6101 1408,6103 1407,6103 1404,6106 1400,6106 1399,6104 1399,6101 1398,6100 1397,6091 1397,6091 1168,6094 1167,6095 1168,6118 1166,6120 1133,6120 1132,6119 1130,6119 1129,6118 1062,6119 1061,6118 1056,6118 1055,6117 1054,6117 1053,6116 980,6117 978,6115 976,6115 975,6114 974,6114 974,6114 974,6112 973,6111 881,6113 879,6111 875,6111 875,6110 875,6109 874,6108 874,6107 873,6107 677,6110 675,6112 673,6112 672,6113 670,6113 669,6112 669,6111 667,6109 667,6108 666,6107 666,6105 660,6099 609,6100 608,6099 538,6100 537,6100 537,6099 537,6098 496,6099 494,6097 344,6099 343,6100 343,6101 343,6101 342,6101 342,6102 342,6103 340,6105 340,6106 339,6106 272,6107 272,6108 272,6111 271,6112 271,6113 270,6113 269,6113 268,6114 268,6115 268,6116 266,6117 252,6117 250,6116 241,6116 241,6115 241,6114 240,6114 239,6114 238,6112 237,6102 237,6102 216,6102 215,6102 214,6014 215,6013 252,6012 253,6013 259,6013 262,6016 263,6016 265,6019 265,6021 266,6021 294,6021 294,6021 294,6022 295,6023 295,6024 296,6025 299,6025 299,6025 299,6034 300,6035 316,6034 316,6035 316,6036 318,6037 338,6037 339,6038 340,6038 341,6039 341,6041 342,6042 457,6040 458,6040 458,6038 460,6036 459,6035 462,6032 462,6031 463,6030 463,6029 464,6028 464,6026 467,6023 468,6023 468,6023 468,6022 469,6021 469,6020 471,6018 472,6017 473,6017 474,6016 475,6016 477,6014 481,6014 482,6013 484,6013 485,6014 490,6014 491,6015 492,6015 493,6016 493,6017 494,6018 494,6025 495,6026 574,6025 575,6026 576,6026 576,6026 576,6028 577,6029 578,6045 578,6045 630,6045 631,6044 632,6044 633,6043 741,6041 744,6038 744,6037 745,6036 745,6035 746,6034 745,6032 746,6031 746,6030 749,6027 749,6025 750,6024 750,6023 751,6023 752,6023 754,6021 755,6021 758,6018 759,6018 760,6017 762,6017 763,6016 765,6016 766,6015 789,6014 790,6013 798,6013 799,6014 807,6014 808,6015 811,6015 812,6016 813,6016 815,6018 996,6015 997,6014 999,6014 1000,6013 1002,6013 1003,6014 1004,6014 1009,6019 1147,6017 1148,6016 1150,6016 1151,6015 1183,6014 1184,6013 1187,6013 1188,6014 1190,6014 1191,6015 1193,6015 1195,6017 1232,6017 1233,6017 1249,6017 1250,6018 1253,6018 1254,6019 1255,6019 1256,6020 1257,6020 1262,6025 1263,6025 1266,6028 1267,6029 1268,6030 1268,6031 1270,6033 1270,6034 1271,6036 1294,6036 1295,6037 1442,6034 1445,6031 1466,6031 1468,6029 1472,6029 1473,6028 1472,6018 1473,6017 1473,6015 1475,6014 1554,6013 1554,6012 1554,6011 1556,6010 1559,6010 1559,6009 1559,6008 1560,6007 1562,6007 1563,6006 1564,6006 1564,6006 1564,6005 1566,6003 1568,6003 1569,6002 1570,6002 1571,6001 1572,6001 1573,6000 1580,6000 1581,5999 1582,5999 1583,6000 1601,6000 1601,6000 1601,6001 1602,6002 1616,6002 1617,6003 1733,6001 1734,6000 1735,6000 1736,5999 1746,5999 1747,6000 1748,6000 1750,6002 1751,6002 1751,6002 1751,6003 1752,6004 1752,6023 1753,6024 1906,6021 1906,6021 1906,5999 1907,5998 1917,5998 1918,5999 1937,5999 1937,5999 1939,6126 1939,6127"/>
        <TextEquiv index="0">
          <Unicode>hin referirt. Ertzbi&#383;choff Otto, ein Graf von</Unicode>
        </TextEquiv>
        <TextEquiv index="1">
          <Unicode>hin referirt. Ertzbi&#383;choff Otto, ein Grafvon</Unicode>
        </TextEquiv>
      </TextLine>
      <TextEquiv>
        <Unicode/>
      </TextEquiv>
    </TextRegion>
    <TextRegion id="r3" orientation="-0.125" type="paragraph">
      <Coords points="1951,2281 1934,2229 1936,1972 1946,1397 1951,1055 1965,537 3656,537 3656,2276"/>
      <TextLine id="l27">
        <Coords points="3019,659 3019,635 3018,634 2896,634 2895,635 2894,635 2892,633 2797,633 2797,634 2797,646 2796,647 2796,648 2795,648 2794,648 2793,649 2790,649 2789,650 2768,650 2768,650 2768,652 2767,653 2765,653 2762,649 2762,648 2761,647 2761,645 2760,644 2760,636 2759,636 2673,636 2672,635 2632,635 2631,634 2626,634 2625,633 2488,632 2488,633 2488,649 2485,651 2483,651 2482,652 2481,652 2480,653 2470,653 2468,655 2467,655 2466,654 2462,654 2461,653 2460,653 2460,653 2460,642 2459,641 2400,641 2399,640 2399,639 2398,638 2398,637 2397,636 2355,636 2353,634 2251,634 2251,634 2251,645 2248,648 2248,650 2246,652 2230,652 2228,650 2226,650 2225,648 2225,632 2224,632 2132,632 2131,633 2131,634 2130,635 2130,636 2129,637 2129,639 2128,640 2128,641 2126,643 2125,643 2124,644 2124,645 2123,646 2122,646 2120,648 2116,648 2115,649 2108,649 2106,650 2103,650 2102,649 2098,649 2096,647 2095,647 2094,646 2093,645 2093,644 2091,642 1999,642 1999,643 1999,644 1998,645 1997,645 1996,645 1994,647 1990,647 1989,648 1982,648 1981,647 1981,646 1980,645 1978,645 1976,643 1975,643 1975,643 1975,641 1974,640 1974,639 1973,638 1973,630 1972,629 1972,628 1973,627 1973,626 1974,625 1974,624 1976,622 1976,574 1974,572 1973,572 1972,571 1972,562 1973,561 1973,557 1974,555 1975,555 1978,553 1978,552 1982,547 1983,547 1984,546 1985,546 1986,545 1991,545 1992,544 1993,544 1994,543 2010,543 2011,544 2014,544 2015,545 2015,546 2015,546 2019,546 2020,547 2022,547 2023,548 2024,548 2026,550 2026,552 2027,553 2028,553 2029,554 2054,554 2055,555 2056,555 2057,556 2057,557 2058,558 2058,570 2058,570 2084,570 2085,571 2114,572 2115,573 2219,573 2220,572 2220,566 2221,565 2221,564 2221,564 2223,564 2225,562 2226,562 2227,561 2227,558 2227,558 2228,558 2229,557 2231,557 2232,556 2239,556 2240,555 2241,555 2243,557 2315,557 2316,558 2317,558 2318,558 2318,561 2319,562 2319,572 2319,573 2422,573 2423,573 2423,569 2425,567 2425,563 2425,562 2452,562 2454,560 2455,560 2456,559 2461,559 2463,557 2464,557 2465,556 2466,556 2467,555 2469,555 2470,554 2471,554 2472,553 2475,553 2476,554 2480,554 2481,555 2484,555 2487,558 2487,568 2487,568 2592,569 2593,568 2593,561 2595,559 2595,557 2596,556 2597,556 2598,555 2598,554 2599,553 2608,553 2609,552 2780,552 2781,551 2808,551 2809,552 2810,552 2813,555 2814,555 2815,556 2815,557 2815,557 2895,557 2896,558 2968,558 2969,559 3066,560 3067,559 3118,559 3119,558 3119,538 3119,538 3120,538 3120,546 3120,547 3205,547 3206,547 3206,550 3206,551 3209,551 3210,551 3210,554 3210,555 3248,555 3249,556 3251,556 3252,557 3255,557 3258,560 3258,562 3259,563 3259,565 3259,565 3279,565 3280,566 3280,573 3280,573 3284,573 3285,574 3298,574 3299,574 3299,538 3299,537 3300,538 3300,574 3300,574 3307,574 3308,574 3308,540 3308,539 3309,539 3310,540 3310,574 3310,574 3400,574 3403,571 3404,571 3405,570 3449,570 3450,570 3450,568 3451,567 3451,566 3451,565 3452,565 3455,563 3455,562 3455,561 3457,563 3457,564 3458,565 3458,566 3459,567 3459,572 3459,572 3525,573 3528,575 3528,576 3528,577 3654,577 3655,576 3655,537 3655,537 3658,537 3659,537 3659,656 3658,657 3655,657 3655,656 3655,635 3654,635 3564,635 3564,634 3564,633 3563,633 3435,632 3435,633 3435,634 3434,635 3434,636 3430,639 3429,639 3428,638 3428,636 3427,635 3427,634 3426,633 3315,633 3315,634 3315,636 3314,637 3314,638 3312,640 3312,642 3308,646 3308,647 3307,648 3307,649 3304,652 3304,653 3302,654 3283,654 3282,655 3281,655 3280,656 3279,655 3274,655 3273,654 3272,654 3270,652 3267,652 3265,650 3265,637 3264,636 3089,636 3089,636 3089,646 3087,648 3087,649 3085,651 3085,652 3083,654 3075,654 3074,652 3074,651 3073,651 3072,651 3072,650 3072,649 3071,648 3071,637 3070,637 3058,637 3057,636 3033,636 3032,635 3020,634 3020,635 3020,659 3019,659"/>
        <TextEquiv index="0">
          <Unicode>Ziegenheim / hat Wa&#383;&#383;erbillich bel&#228;gert / ero&#11799;</Unicode>
        </TextEquiv>
        <TextEquiv index="1">
          <Unicode>Ziegenheim / hat Wa&#383;&#383;erbillich bel&#228;gert / ero&#11799;</Unicode>
        </TextEquiv>
      </TextLine>
      <TextLine id="l28">
        <Coords points="3082,766 3080,764 3078,764 3076,762 3074,762 3073,761 3073,760 3072,759 3072,755 3071,754 3071,742 3071,742 2986,741 2985,742 2985,745 2983,747 2983,748 2982,749 2982,752 2976,758 2975,758 2973,760 2971,760 2970,761 2966,761 2965,762 2961,762 2960,761 2954,761 2952,759 2951,759 2950,758 2949,758 2944,754 2944,753 2943,752 2943,741 2943,740 2808,740 2807,741 2807,752 2806,753 2806,754 2806,754 2805,754 2804,755 2711,755 2710,754 2710,747 2709,746 2709,745 2709,745 2594,745 2593,745 2593,748 2592,749 2592,750 2590,752 2590,754 2589,756 2588,756 2587,757 2585,755 2564,754 2563,753 2562,753 2560,752 2560,741 2560,740 2457,740 2456,741 2456,753 2456,753 2455,753 2453,755 2453,756 2452,757 2448,757 2446,759 2441,759 2439,757 2338,757 2304,757 2303,758 2290,758 2289,759 2288,758 2286,758 2285,757 2284,757 2283,756 2280,756 2279,755 2277,755 2276,754 2276,753 2275,752 2275,751 2274,750 2274,747 2273,746 2273,741 2273,741 2203,741 2202,740 2154,740 2152,738 2131,738 2130,737 2094,736 2093,735 2053,735 2052,734 1934,734 1934,735 1934,755 1934,755 1933,755 1934,720 1934,719 1972,719 1973,719 1973,716 1974,715 1974,671 1973,670 1974,668 1975,668 1976,668 1976,667 1979,664 1979,663 1980,662 1980,661 1980,660 1981,660 1984,657 1985,657 1986,656 1994,656 1997,659 1997,676 1997,676 2091,676 2092,675 2093,675 2095,673 2096,673 2097,672 2098,672 2099,673 2099,674 2103,678 2131,679 2132,679 2132,680 2132,681 2218,681 2219,680 2219,673 2220,672 2220,670 2220,670 2221,670 2222,669 2227,669 2229,670 2229,672 2229,673 2232,673 2235,676 2236,676 2237,677 2240,677 2242,679 2246,679 2248,681 2361,681 2363,680 2363,678 2364,677 2364,673 2366,671 2366,669 2367,668 2367,667 2368,665 2369,665 2370,664 2371,664 2374,661 2376,661 2377,660 2383,660 2384,659 2386,659 2388,661 2389,661 2390,662 2392,662 2393,663 2567,664 2570,661 2572,661 2575,658 2576,658 2578,656 2579,656 2580,655 2614,655 2615,656 2616,656 2618,658 2621,658 2622,658 2622,674 2622,675 2683,675 2686,672 2712,672 2714,670 2714,669 2715,668 2715,667 2718,664 2719,664 2721,662 2723,662 2724,661 2725,661 2726,660 2727,660 2728,659 2730,661 2812,661 2813,660 2815,660 2816,659 2817,659 2818,660 2822,660 2823,661 2824,661 2825,662 2901,662 2902,663 2902,664 2903,665 2903,668 2903,668 2939,668 2940,669 2941,669 2942,670 2942,673 2943,674 2943,683 2943,683 3032,684 3033,683 3034,683 3035,682 3037,682 3038,682 3038,683 3039,684 3039,686 3039,687 3072,687 3073,686 3073,676 3074,675 3074,674 3075,673 3075,672 3076,671 3076,668 3080,664 3080,663 3080,663 3081,663 3082,662 3083,662 3084,661 3084,660 3085,659 3087,659 3088,658 3090,658 3091,657 3093,657 3094,656 3112,656 3113,657 3115,657 3116,658 3120,658 3121,658 3121,659 3122,661 3123,661 3124,662 3126,662 3130,665 3130,666 3131,667 3131,668 3131,669 3195,669 3196,669 3196,671 3197,673 3261,673 3262,674 3262,675 3264,677 3265,677 3266,678 3267,678 3268,679 3269,679 3272,682 3272,683 3272,683 3278,683 3279,684 3408,684 3410,682 3411,682 3412,683 3493,684 3494,683 3494,682 3496,680 3497,680 3498,681 3500,681 3501,682 3518,682 3519,683 3611,683 3613,681 3654,681 3655,680 3655,657 3655,657 3658,657 3659,657 3658,754 3658,755 3656,755 3655,754 3655,741 3655,741 3614,741 3611,738 3554,738 3552,736 3459,735 3457,737 3457,738 3457,738 3453,738 3452,739 3376,739 3374,741 3369,741 3368,740 3268,740 3267,741 3266,741 3265,742 3213,742 3212,743 3183,743 3182,744 3123,744 3122,744 3122,745 3120,748 3114,748 3113,749 3106,749 3105,749 3105,763 3105,764 3096,764 3095,765 3094,765 3093,766"/>
        <TextEquiv index="0">
          <Unicode>bert und ge&#383;chleifft / &#383;o &#383;elbiger Zeit denen von</Unicode>
        </TextEquiv>
        <TextEquiv index="1">
          <Unicode>bert und ge&#383;chleifft / &#383;o &#383;elbiger Zeit denen von</Unicode>
        </TextEquiv>
      </TextLine>
      <TextLine id="l29">
        <Coords points="3148,873 3147,873 3145,871 3145,869 3145,869 2349,867 2348,866 2341,866 2340,865 2296,865 2294,863 2293,863 2290,860 2290,857 2290,857 1934,856 1933,856 1933,756 1934,755 1934,756 1934,757 1934,757 2028,757 2029,758 2030,758 2031,759 2031,760 2031,761 2032,761 2047,761 2049,763 2050,763 2051,764 3326,767 3327,766 3552,767 3554,765 3556,765 3558,763 3585,763 3586,762 3655,762 3655,761 3655,755 3656,755 3658,755 3658,755 3658,871 3658,872 3150,871 3149,871 3149,873 3149,874"/>
        <TextEquiv index="0">
          <Unicode>Gimnich gewe&#383;en; und i&#383;t er / der Bi&#383;choff /</Unicode>
        </TextEquiv>
        <TextEquiv index="1">
          <Unicode>Gimnich gewe&#383;en; und i&#383;t er / der Bi&#383;choff /</Unicode>
        </TextEquiv>
      </TextLine>
      <TextLine id="l30">
        <Coords points="3655,977 3655,976 3655,947 3655,947 3595,947 3593,948 3593,949 3593,950 3592,950 3587,954 3583,954 3582,952 3582,951 3582,951 3480,950 3478,952 3478,953 3477,953 3474,953 3473,954 3443,954 3442,955 3441,955 3440,954 3401,954 3400,953 3398,953 3397,952 3339,952 3337,954 3315,954 3314,956 3314,958 3313,959 3313,960 3312,961 3312,963 3310,964 3309,964 3309,965 3309,967 3306,970 3306,971 3304,972 3303,972 3302,973 3301,973 3299,975 3292,975 3291,976 3285,976 3284,975 3280,975 3277,972 3275,972 3273,970 3272,970 3272,970 3272,969 3271,968 3271,967 3270,966 3270,957 3269,956 3178,956 3177,957 3176,956 3129,956 3129,956 3129,967 3128,968 3127,968 3127,967 3127,956 3126,956 3115,956 3114,955 3041,955 3040,956 3040,958 3039,959 3039,960 3038,961 3038,962 3035,965 3035,966 3033,968 3033,970 3031,972 3029,972 3027,974 3024,974 3022,975 3010,975 3008,973 3005,973 3003,971 3002,971 3001,970 2999,970 2999,970 2999,965 2998,964 2998,957 2997,956 2955,956 2954,955 2954,954 2953,953 2892,953 2892,954 2892,955 2891,956 2891,957 2890,957 2889,957 2888,958 2886,958 2885,957 2871,957 2870,956 2867,956 2865,954 2823,954 2821,952 2821,951 2821,950 2763,950 2762,950 2762,951 2760,953 2757,953 2756,954 2755,954 2755,953 2755,952 2754,952 2663,952 2662,953 2659,953 2658,952 2657,952 2656,951 2586,951 2584,953 2583,953 2582,954 2527,953 2527,954 2527,968 2526,969 2526,972 2525,972 2519,972 2518,973 2517,973 2515,971 2458,971 2456,973 2438,973 2437,972 2435,972 2434,971 2433,971 2432,970 2432,969 2430,967 2430,965 2429,964 2429,958 2428,957 2403,957 2402,956 2401,956 2401,956 2401,955 2399,953 2399,952 2397,950 2396,950 2396,950 2396,949 2395,948 2395,947 2395,946 2323,946 2322,946 2322,951 2321,952 2321,954 2319,956 2319,957 2318,958 2318,959 2317,960 2317,961 2314,964 2314,965 2312,967 2311,967 2310,968 2309,968 2309,968 2309,969 2307,971 2299,971 2298,969 2298,966 2297,966 2264,966 2262,964 2261,964 2260,962 2260,944 2260,944 2176,944 2172,948 2171,948 2170,949 2168,949 2165,951 2031,950 2030,951 2029,951 2028,950 2002,950 2001,949 2001,949 2000,948 1998,948 1996,947 1996,946 1994,944 1994,943 1991,939 1934,939 1934,940 1934,970 1933,970 1933,970 1933,857 1934,856 1934,857 1934,867 1934,867 2038,867 2039,868 2042,868 2044,871 2044,891 2045,891 2108,892 2109,891 2134,891 2135,892 2135,894 2136,895 2174,895 2178,899 2216,899 2217,900 2223,900 2224,901 2225,901 2226,902 2268,902 2269,903 2270,903 2270,903 2270,905 2272,907 2351,907 2352,906 2356,906 2356,906 2356,905 2357,904 2361,904 2362,903 2371,903 2374,906 2375,906 2376,907 2377,907 2380,910 2438,910 2438,910 2438,908 2439,907 2445,901 2446,901 2448,899 2449,899 2453,895 2519,895 2520,894 2520,893 2521,892 2521,890 2523,888 2523,887 2529,881 2530,881 2535,876 2539,876 2541,874 2546,874 2547,873 2549,873 2552,877 2552,878 2557,882 2561,882 2562,884 2562,898 2563,898 2615,899 2615,898 2615,897 2616,896 2616,895 2617,895 2618,895 2620,893 2648,893 2648,892 2648,887 2649,886 2649,885 2650,884 2650,883 2651,883 2652,883 2654,881 2655,881 2657,878 2657,877 2658,877 2660,877 2661,876 2662,876 2663,875 2664,875 2665,874 2672,874 2673,875 2673,894 2674,895 2732,895 2734,893 2758,893 2759,894 2761,894 2762,895 2762,897 2763,898 2763,899 2764,900 2765,900 2766,901 2766,926 2767,927 2829,927 2829,927 2829,895 2830,894 2830,892 2831,891 2831,886 2833,884 2833,882 2834,881 2835,881 2836,880 2836,879 2840,875 2840,874 2841,873 2842,873 2845,870 2848,870 2849,869 2857,869 2858,868 2858,867 2859,866 2860,867 2867,867 2868,868 2872,868 2873,869 2880,869 2881,870 2884,870 2886,872 2888,872 2889,873 2891,873 2896,878 2897,878 2898,879 2939,879 2941,882 2941,896 2942,896 3024,896 3025,896 3026,896 3028,898 3087,898 3087,897 3087,896 3089,895 3091,895 3092,896 3094,896 3094,896 3094,897 3095,898 3107,898 3107,897 3107,878 3108,878 3149,878 3151,876 3151,876 3151,900 3152,901 3194,901 3194,900 3194,897 3195,896 3195,892 3196,891 3196,890 3203,884 3204,884 3204,883 3204,882 3206,881 3207,881 3209,879 3211,879 3212,878 3213,879 3214,879 3214,879 3214,880 3216,882 3323,882 3323,882 3323,880 3324,879 3326,879 3326,880 3326,881 3327,881 3385,881 3385,881 3385,880 3387,878 3389,878 3391,876 3392,876 3393,875 3395,875 3396,874 3397,874 3398,873 3408,873 3409,874 3439,874 3441,876 3442,876 3443,877 3493,878 3494,879 3496,879 3498,881 3498,893 3499,894 3590,894 3591,893 3593,893 3593,892 3593,882 3595,880 3595,878 3596,878 3597,878 3598,877 3600,877 3601,876 3655,876 3655,875 3655,872 3656,872 3658,872 3658,872 3658,976 3657,977"/>
        <TextEquiv index="0">
          <Unicode>Anno 1430. ge&#383;torben. Die gewaltige R&#246;mi&#11799;</Unicode>
        </TextEquiv>
        <TextEquiv index="1">
          <Unicode>Anno 1430. ge&#383;torben. Die gewaltige R&#246;mi&#11799;</Unicode>
        </TextEquiv>
      </TextLine>
      <TextLine id="l31">
        <Coords points="2961,1086 2960,1085 2959,1085 2958,1084 2956,1084 2956,1084 2956,1083 2955,1082 2790,1082 2790,1081 2790,1080 2789,1080 1934,1078 1934,1079 1934,1080 1933,1080 1933,1080 1933,971 1933,970 1934,971 1934,973 1934,973 2148,974 2149,975 2221,975 2222,976 2223,976 2224,977 2343,977 2344,978 2344,979 2344,979 2347,979 2348,980 2349,980 2350,981 3116,983 3117,982 3118,982 3119,981 3122,981 3123,980 3654,981 3655,980 3655,977 3655,977 3657,977 3658,977 3658,1082 3657,1083 2979,1081 2979,1082 2979,1085 2978,1085 2974,1085 2973,1086"/>
        <TextEquiv index="0">
          <Unicode>&#383;che Wa&#383;&#383;erleitung oder Aqu&#230;ductus Ubio-</Unicode>
        </TextEquiv>
        <TextEquiv index="1">
          <Unicode>&#383;che Wa&#383;&#383;erleitung oder Aqu&#230;ductus Ubio-</Unicode>
        </TextEquiv>
      </TextLine>
      <TextLine id="l32">
        <Coords points="3656,1192 3655,1191 3655,1182 3654,1181 3655,1171 3654,1171 3578,1171 3577,1169 3577,1168 3575,1167 3472,1166 3471,1167 3470,1167 3469,1168 3432,1168 3432,1169 3432,1170 3431,1170 3428,1170 3425,1173 3416,1173 3415,1172 3412,1172 3411,1171 3410,1171 3409,1170 3341,1170 3341,1170 3341,1169 3340,1168 3183,1168 3182,1169 3180,1169 3179,1168 3048,1168 3047,1169 3026,1169 3025,1170 3025,1172 3024,1173 3024,1177 3022,1179 3021,1182 3020,1183 3020,1184 3018,1186 3015,1186 3012,1189 3011,1189 3010,1188 2998,1188 2997,1187 2991,1187 2987,1184 2987,1182 2985,1179 2985,1170 2984,1169 2872,1169 2871,1171 2871,1174 2869,1176 2868,1181 2868,1181 2866,1181 2865,1182 2864,1182 2862,1184 2856,1184 2855,1185 2853,1185 2852,1186 2849,1186 2848,1187 2846,1187 2844,1185 2842,1185 2841,1184 2840,1184 2838,1182 2836,1182 2835,1182 2835,1181 2834,1180 2835,1178 2834,1177 2833,1177 2832,1176 2832,1174 2831,1173 2794,1173 2794,1172 2794,1171 2793,1170 2793,1163 2792,1163 2718,1163 2717,1162 2654,1162 2653,1161 2569,1161 2500,1160 2499,1161 2498,1161 2497,1162 2430,1162 2430,1163 2430,1175 2429,1175 2429,1175 2429,1163 2428,1162 2376,1162 2376,1162 2376,1161 2375,1160 2297,1160 2296,1159 2209,1159 2208,1158 2188,1158 2187,1157 2082,1156 2081,1157 2078,1157 2077,1158 2074,1158 2073,1159 2039,1159 2037,1161 2035,1161 2034,1162 1934,1162 1934,1163 1934,1184 1934,1184 1933,1184 1932,1184 1933,1081 1933,1080 1934,1081 1934,1086 1934,1086 1992,1086 1993,1087 2003,1087 2004,1088 2008,1088 2009,1089 2012,1089 2014,1091 2015,1091 2018,1094 2018,1095 2019,1096 2019,1097 2019,1097 2021,1097 2022,1098 2022,1108 2022,1108 2135,1109 2136,1110 2237,1110 2239,1112 2355,1112 2356,1112 2356,1097 2357,1096 2357,1094 2358,1093 2358,1090 2359,1089 2359,1088 2361,1085 2364,1085 2365,1086 2369,1086 2370,1087 2424,1087 2425,1088 2427,1088 2428,1089 2428,1113 2428,1113 2446,1113 2447,1114 2569,1115 2570,1114 2574,1114 2575,1113 2612,1113 2613,1112 2614,1112 2615,1113 2643,1113 2644,1112 2644,1100 2645,1099 2645,1098 2645,1098 2646,1098 2647,1097 2649,1097 2651,1098 2651,1099 2653,1101 2653,1113 2653,1114 2770,1114 2771,1113 2850,1113 2852,1112 2852,1111 2852,1110 2853,1110 2854,1109 2895,1109 2896,1109 2896,1097 2897,1095 2898,1095 2899,1096 2900,1096 2901,1097 2901,1110 2901,1110 3007,1110 3008,1109 3058,1110 3059,1109 3061,1111 3232,1111 3233,1110 3233,1105 3234,1104 3235,1104 3236,1103 3236,1099 3236,1099 3237,1099 3238,1100 3239,1100 3242,1103 3244,1103 3246,1104 3246,1105 3246,1106 3249,1106 3250,1107 3251,1107 3252,1108 3254,1108 3255,1109 3256,1109 3257,1110 3258,1110 3259,1111 3376,1111 3377,1111 3377,1110 3380,1107 3380,1105 3381,1104 3381,1102 3382,1101 3382,1100 3385,1096 3390,1096 3391,1096 3391,1091 3392,1089 3393,1089 3395,1087 3423,1087 3424,1086 3434,1086 3436,1088 3439,1088 3442,1091 3516,1092 3517,1093 3654,1093 3655,1092 3655,1083 3655,1083 3657,1083 3658,1083 3657,1191 3657,1192"/>
        <TextEquiv index="0">
          <Unicode>Romano-Trevericus, gienge von den C&#246;lni&#11799;</Unicode>
        </TextEquiv>
        <TextEquiv index="1">
          <Unicode>Romano-Trevericus, gienge von den C&#246;lni&#11799;</Unicode>
        </TextEquiv>
      </TextLine>
      <TextLine id="l33">
        <Coords points="1933,1298 1932,1298 1932,1185 1933,1184 1934,1184 1934,1185 1934,1189 1934,1189 1999,1189 2000,1190 2004,1190 2005,1191 2006,1191 2008,1193 2057,1193 2057,1194 2057,1195 2059,1197 2059,1210 2060,1210 2108,1211 2110,1213 2198,1213 2199,1211 2199,1209 2200,1208 2200,1206 2201,1205 2201,1204 2202,1203 2202,1202 2204,1200 2204,1198 2205,1198 2206,1198 2207,1197 2208,1197 2210,1195 2211,1195 2212,1194 2213,1194 2214,1193 2215,1193 2216,1192 2218,1192 2219,1191 2221,1191 2222,1192 2224,1192 2224,1192 2224,1202 2225,1203 2237,1203 2238,1204 2240,1204 2242,1206 2243,1206 2246,1209 2247,1209 2248,1210 2248,1211 2252,1215 2367,1215 2370,1212 2420,1212 2420,1212 2420,1211 2423,1208 2442,1208 2442,1208 2442,1204 2444,1202 2446,1202 2449,1199 2449,1197 2450,1196 2451,1196 2452,1195 2453,1195 2453,1195 2453,1194 2454,1193 2457,1193 2458,1192 2461,1192 2462,1191 2464,1191 2465,1192 2467,1192 2468,1194 2468,1196 2469,1196 2470,1196 2471,1197 2497,1197 2498,1199 2498,1202 2499,1202 2572,1203 2573,1202 2574,1202 2577,1199 2578,1199 2580,1197 2586,1197 2587,1198 2588,1198 2589,1199 2589,1200 2591,1202 2592,1202 2592,1202 2592,1213 2593,1214 2638,1214 2639,1215 2728,1215 2729,1213 2729,1211 2730,1210 2730,1209 2731,1209 2750,1209 2750,1208 2750,1206 2752,1205 2755,1205 2755,1204 2755,1202 2757,1200 2757,1199 2759,1198 2760,1198 2761,1197 2842,1197 2843,1198 2846,1198 2847,1199 2849,1199 2850,1200 2851,1200 2851,1201 2851,1202 2852,1203 2852,1214 2853,1214 2888,1214 2889,1215 2890,1215 2890,1216 2890,1218 2891,1218 2966,1218 2966,1218 2966,1214 2967,1213 2967,1211 2971,1207 2974,1207 2976,1209 2977,1209 2978,1210 2980,1210 2980,1211 2980,1212 2981,1212 2983,1212 2984,1213 2985,1213 2987,1215 2990,1215 2991,1216 3106,1217 3106,1216 3106,1207 3107,1207 3110,1207 3112,1205 3115,1205 3116,1204 3117,1204 3118,1202 3118,1201 3120,1200 3123,1200 3124,1199 3129,1199 3130,1198 3190,1198 3191,1199 3300,1199 3302,1197 3305,1197 3306,1196 3312,1196 3313,1197 3315,1197 3315,1198 3315,1199 3317,1200 3319,1200 3321,1203 3321,1204 3322,1204 3325,1204 3325,1205 3325,1206 3326,1207 3326,1215 3327,1215 3431,1215 3431,1215 3431,1211 3433,1209 3433,1208 3439,1202 3443,1202 3445,1200 3447,1200 3448,1199 3450,1199 3451,1198 3457,1198 3458,1197 3460,1197 3461,1198 3468,1198 3469,1199 3471,1199 3472,1200 3473,1200 3474,1201 3499,1202 3500,1203 3502,1203 3503,1204 3506,1204 3506,1204 3506,1206 3507,1207 3508,1207 3508,1207 3508,1210 3509,1211 3509,1216 3510,1217 3570,1217 3570,1217 3570,1218 3571,1219 3655,1219 3655,1218 3655,1192 3656,1192 3657,1192 3657,1192 3657,1295 3657,1296 3656,1296 3655,1295 3655,1269 3655,1269 3577,1269 3576,1270 3575,1270 3571,1274 3569,1274 3568,1275 3565,1275 3564,1274 3479,1273 3478,1272 3477,1272 3476,1271 3401,1271 3400,1272 3400,1275 3400,1275 3399,1275 3398,1275 3398,1273 3398,1272 3314,1272 3313,1273 3294,1273 3293,1274 3293,1275 3292,1276 3292,1278 3291,1279 3291,1282 3290,1283 3290,1290 3288,1292 3284,1292 3282,1290 3258,1290 3257,1289 3252,1289 3251,1288 3248,1288 3247,1287 3247,1286 3246,1285 3246,1274 3246,1274 3171,1274 3170,1275 3169,1275 3168,1276 3167,1276 3166,1277 3138,1277 3137,1277 3137,1291 3136,1293 3135,1293 3134,1294 3133,1294 3131,1296 3128,1296 3127,1297 3126,1297 3125,1298 3119,1298 3118,1297 3117,1297 3113,1293 3113,1291 3112,1290 3112,1277 3112,1277 3073,1277 3072,1276 2971,1275 2970,1276 2970,1282 2970,1282 2969,1282 2968,1282 2968,1276 2968,1275 2898,1275 2896,1277 2896,1278 2895,1279 2895,1281 2894,1282 2894,1286 2890,1290 2889,1290 2888,1291 2885,1291 2884,1292 2883,1292 2882,1291 2830,1291 2829,1292 2829,1296 2829,1296 2827,1296 2826,1296 2826,1292 2826,1291 2823,1291 2821,1289 2819,1289 2818,1289 2818,1285 2817,1284 2817,1273 2817,1272 2710,1272 2709,1272 2709,1274 2709,1275 2707,1275 2706,1275 2706,1279 2705,1281 2704,1280 2704,1279 2703,1278 2703,1273 2703,1273 2680,1273 2679,1272 2678,1272 2677,1271 2605,1271 2604,1271 2604,1283 2603,1284 2603,1286 2602,1288 2600,1288 2598,1290 2597,1289 2591,1289 2589,1287 2589,1286 2587,1284 2587,1283 2586,1282 2586,1274 2586,1274 2576,1274 2575,1273 2424,1272 2423,1273 2377,1273 2376,1274 2376,1284 2375,1285 2375,1286 2374,1287 2374,1288 2373,1289 2373,1294 2373,1294 2371,1294 2370,1295 2368,1295 2367,1294 2366,1294 2363,1292 2363,1291 2364,1290 2364,1273 2364,1272 2341,1272 2340,1271 2242,1271 2240,1273 2239,1273 2238,1274 2237,1274 2236,1274 2236,1275 2236,1276 2227,1276 2226,1276 2226,1284 2226,1285 2223,1285 2222,1286 2218,1286 2216,1284 2216,1282 2216,1282 2215,1282 2213,1280 2213,1271 2213,1271 2075,1270 2074,1271 2074,1284 2072,1286 2072,1287 2072,1287 2071,1287 2069,1289 2065,1289 2063,1291 2062,1290 2058,1290 2057,1289 2055,1289 2054,1289 2054,1288 2054,1287 2004,1287 2003,1288 2003,1296 2002,1297 1934,1297 1934,1298"/>
        <TextEquiv index="0">
          <Unicode>&#383;chen Hauptkirchen / bi&#223; zu den h&#246;ch&#383;ten Ber&#11799;</Unicode>
        </TextEquiv>
        <TextEquiv index="1">
          <Unicode>&#383;chen Hauptkirchen / bi&#223; zu den h&#246;ch&#383;ten Ber&#11799;</Unicode>
        </TextEquiv>
      </TextLine>
      <TextLine id="l34">
        <Coords points="1933,1404 1932,1404 1932,1299 1933,1298 1934,1298 1934,1299 1998,1299 1998,1300 1998,1304 1999,1304 2000,1304 2000,1304 2000,1298 2001,1297 2002,1297 2002,1298 2002,1304 2003,1304 2348,1305 2349,1304 2432,1304 2434,1302 2435,1302 2436,1301 2622,1302 2622,1301 2622,1300 2623,1300 2626,1300 2627,1299 2653,1299 2654,1298 2655,1298 2656,1297 2787,1297 2789,1299 2792,1299 2793,1300 2794,1300 2795,1302 2795,1303 2796,1303 3004,1303 3005,1304 3449,1305 3451,1303 3454,1303 3455,1302 3513,1303 3514,1302 3655,1302 3655,1301 3655,1296 3656,1296 3657,1296 3657,1296 3657,1404 3657,1405 3656,1405 3655,1404 3655,1398 3655,1398 3287,1397 3285,1399 3284,1399 3283,1400 3275,1400 3272,1398 3272,1397 3269,1393 3193,1393 3192,1392 3192,1383 3192,1383 3081,1383 3080,1383 3080,1404 3080,1405 3079,1404 3079,1383 3079,1383 2870,1382 2869,1383 2869,1384 2867,1386 2771,1386 2770,1386 2770,1389 2769,1390 2769,1396 2768,1398 2744,1398 2743,1399 2741,1397 2698,1397 2697,1396 2696,1396 2694,1394 2694,1388 2694,1388 2633,1388 2632,1387 2632,1380 2632,1380 2341,1379 2340,1380 2086,1379 2084,1381 2011,1381 2010,1382 2010,1384 2009,1385 2009,1386 2004,1391 2004,1392 2003,1393 2002,1393 2001,1394 2001,1395 2001,1395 2000,1395 1999,1396 1997,1396 1996,1397 1992,1397 1991,1398 1989,1398 1988,1399 1934,1399 1934,1400 1934,1404 1934,1404"/>
        <TextEquiv index="0">
          <Unicode>gen der mittleren Eyffel / oder durch die&#383;elbe;</Unicode>
        </TextEquiv>
        <TextEquiv index="1">
          <Unicode>gen der mittleren Eyffel / oder durch die&#383;elbe;</Unicode>
        </TextEquiv>
      </TextLine>
      <TextLine id="l35">
        <Coords points="3655,1512 3655,1511 3655,1491 3654,1491 3605,1491 3605,1490 3605,1489 3604,1488 3604,1487 3603,1487 3530,1487 3530,1487 3530,1498 3529,1499 3528,1499 3527,1500 3527,1503 3524,1506 3524,1505 3524,1504 3523,1504 3518,1504 3517,1503 3513,1503 3512,1502 3510,1502 3509,1500 3509,1498 3508,1497 3508,1489 3507,1489 3498,1489 3497,1488 3440,1487 3439,1486 3438,1486 3438,1486 3438,1485 3437,1484 3367,1484 3367,1485 3367,1487 3365,1489 3365,1494 3364,1495 3364,1497 3363,1497 3362,1497 3362,1498 3362,1499 3361,1500 3361,1501 3359,1502 3358,1502 3356,1504 3355,1504 3353,1506 3347,1506 3346,1507 3334,1507 3333,1506 3332,1506 3331,1505 3330,1505 3328,1503 3327,1503 3326,1502 3326,1501 3325,1500 3325,1497 3324,1496 3324,1487 3323,1486 3230,1486 3229,1487 3156,1487 3155,1486 3052,1486 3051,1487 2983,1486 2982,1487 2921,1487 2921,1488 2921,1499 2918,1501 2915,1501 2914,1500 2913,1500 2912,1499 2912,1495 2911,1494 2911,1486 2910,1485 2818,1485 2817,1484 2718,1484 2718,1484 2718,1485 2717,1486 2716,1486 2715,1485 2679,1485 2679,1484 2679,1483 2678,1483 2582,1483 2582,1483 2582,1487 2581,1488 2579,1488 2578,1489 2576,1489 2575,1490 2575,1489 2575,1487 2574,1487 2549,1486 2548,1485 2418,1485 2416,1487 2415,1487 2414,1488 2413,1488 2412,1487 2387,1487 2386,1486 2365,1486 2364,1485 2256,1485 2255,1486 2254,1486 2253,1487 2251,1487 2251,1486 2251,1485 2250,1485 2189,1485 2188,1484 2084,1483 2082,1485 2081,1485 2080,1486 2078,1486 2077,1485 2049,1485 2047,1483 1934,1483 1934,1484 1934,1499 1933,1499 1932,1499 1932,1499 1932,1405 1933,1404 1934,1404 1934,1405 1934,1426 1934,1426 1975,1426 1977,1428 2065,1428 2066,1428 2066,1420 2067,1419 2067,1418 2067,1417 2069,1415 2070,1415 2073,1412 2074,1412 2075,1413 2076,1413 2078,1415 2078,1416 2079,1417 2080,1417 2083,1420 2084,1420 2085,1421 2086,1421 2088,1423 2089,1423 2090,1424 2133,1425 2134,1426 2135,1426 2137,1428 2226,1428 2227,1427 2228,1427 2229,1426 2291,1426 2292,1425 2292,1421 2294,1419 2294,1418 2295,1417 2295,1416 2295,1416 2296,1416 2298,1414 2300,1414 2303,1417 2304,1417 2306,1419 2311,1419 2312,1419 2312,1420 2312,1421 2316,1421 2317,1422 2318,1422 2319,1423 2321,1423 2322,1423 2322,1424 2323,1426 2326,1426 2327,1427 2414,1427 2415,1426 2417,1426 2418,1427 2545,1427 2546,1426 2547,1426 2548,1425 2596,1426 2598,1424 2598,1421 2599,1420 2599,1418 2601,1416 2666,1416 2667,1415 2668,1415 2669,1414 2671,1414 2674,1411 2676,1411 2677,1412 2680,1412 2681,1412 2681,1426 2681,1427 2728,1427 2730,1429 2803,1429 2804,1429 2804,1422 2805,1421 2805,1420 2806,1419 2806,1417 2806,1416 2807,1416 2808,1415 2860,1415 2861,1415 2861,1414 2861,1413 2863,1413 2864,1412 2917,1412 2919,1411 2919,1410 2921,1408 2924,1408 2925,1407 2932,1407 2933,1408 2935,1408 2938,1412 2938,1414 2940,1416 2940,1429 2940,1429 2988,1429 2989,1430 2990,1430 2991,1431 3067,1432 3068,1431 3068,1430 3068,1430 3074,1430 3075,1429 3075,1420 3079,1416 3079,1405 3080,1405 3080,1405 3080,1413 3080,1414 3081,1414 3082,1415 3086,1415 3087,1415 3087,1420 3089,1422 3089,1423 3089,1424 3092,1424 3094,1426 3095,1426 3096,1427 3098,1427 3100,1429 3103,1429 3105,1431 3214,1431 3215,1430 3215,1427 3216,1426 3216,1425 3217,1424 3217,1423 3218,1422 3218,1421 3219,1420 3220,1420 3223,1417 3224,1417 3224,1419 3225,1421 3226,1421 3227,1421 3227,1422 3227,1423 3230,1423 3232,1425 3235,1425 3238,1428 3242,1428 3243,1428 3243,1429 3243,1430 3244,1430 3245,1431 3350,1431 3351,1430 3378,1430 3379,1430 3379,1427 3380,1426 3380,1424 3382,1422 3382,1421 3386,1416 3389,1416 3392,1414 3392,1413 3392,1412 3394,1412 3395,1411 3397,1411 3398,1412 3503,1413 3504,1412 3506,1412 3507,1411 3508,1411 3509,1412 3513,1412 3514,1413 3516,1413 3518,1414 3518,1417 3518,1418 3522,1418 3523,1418 3523,1429 3523,1430 3654,1430 3655,1429 3655,1405 3656,1405 3657,1405 3657,1405 3657,1511 3656,1512"/>
        <TextEquiv index="0">
          <Unicode>und von dannen / eben die&#383;es oder dergleichen</Unicode>
        </TextEquiv>
        <TextEquiv index="1">
          <Unicode>und von dannen / eben die&#383;es oder dergleichen</Unicode>
        </TextEquiv>
      </TextLine>
      <TextLine id="l36">
        <Coords points="2936,1616 2936,1616 2936,1612 2935,1611 2839,1611 2837,1609 1934,1607 1934,1608 1934,1611 1933,1611 1932,1611 1932,1611 1932,1500 1932,1499 1933,1499 1934,1500 1934,1507 1934,1507 2637,1509 2638,1508 3163,1509 3164,1508 3164,1507 3164,1507 3177,1507 3178,1508 3179,1508 3180,1509 3190,1509 3191,1509 3191,1510 3191,1511 3656,1512 3657,1512 3657,1614 3656,1615 3015,1613 3015,1614 3015,1616 3014,1616"/>
        <TextEquiv index="0">
          <Unicode>R&#246;mi&#383;ches Werck / bi&#223; an die Grentzen der</Unicode>
        </TextEquiv>
        <TextEquiv index="1">
          <Unicode>R&#246;mi&#383;ches Werck / bi&#223; an die Grentzen der</Unicode>
        </TextEquiv>
      </TextLine>
      <TextLine id="l37">
        <Coords points="3655,1723 3655,1721 3655,1721 3072,1720 3070,1718 2739,1717 2737,1715 1932,1713 1931,1713 1932,1612 1932,1611 1933,1611 1934,1612 1934,1614 1934,1614 3654,1618 3655,1617 3655,1615 3655,1615 3656,1615 3657,1615 3656,1723 3656,1724"/>
        <TextEquiv index="0">
          <Unicode>Stadt Trier / und ein wenig oberhalb de&#223;</Unicode>
        </TextEquiv>
        <TextEquiv index="1">
          <Unicode>Stadt Trier / und ein wenig oberhalb de&#223;</Unicode>
        </TextEquiv>
      </TextLine>
      <TextLine id="l38">
        <Coords points="1932,1830 1931,1830 1931,1714 1932,1713 1934,1713 1934,1714 1934,1716 1934,1716 2486,1717 2487,1718 2500,1718 2501,1719 3312,1721 3312,1721 3312,1715 3313,1714 3314,1714 3315,1713 3319,1713 3320,1714 3322,1714 3323,1716 3323,1723 3324,1723 3656,1724 3656,1724 3656,1830 3656,1831 3655,1830 3655,1825 3655,1825 2861,1823 2860,1824 2243,1823 2242,1823 2242,1829 2242,1830 1934,1829 1934,1830"/>
        <TextEquiv index="0">
          <Unicode>Trieri&#383;chen Volcks / da gedachtes Wa&#383;&#383;erbil&#11799;</Unicode>
        </TextEquiv>
        <TextEquiv index="1">
          <Unicode>Trieri&#383;chen Volcks / da gedachtes Wa&#383;&#383;erbil&#11799;</Unicode>
        </TextEquiv>
      </TextLine>
      <TextLine id="l39">
        <Coords points="1931,1936 1931,1936 1931,1831 1932,1830 2241,1831 2242,1830 2715,1831 2716,1830 2722,1830 2723,1829 2724,1829 2725,1828 3025,1829 3026,1828 3153,1828 3153,1828 3153,1829 3154,1830 3656,1831 3656,1831 3656,1933 3655,1934 3654,1933 3186,1932 3185,1931 2422,1929 2422,1930 2422,1936 2421,1936 1934,1935 1933,1936"/>
        <TextEquiv index="0">
          <Unicode>lich ge&#383;ehen wird. In der Herb&#383;t&#11799;Relation</Unicode>
        </TextEquiv>
        <TextEquiv index="1">
          <Unicode>lich ge&#383;ehen wird. In der Herb&#383;t&#11799;Relation</Unicode>
        </TextEquiv>
      </TextLine>
      <TextLine id="l40">
        <Coords points="2751,2041 2751,2040 2751,2039 2750,2039 2700,2039 2699,2038 2693,2038 2692,2037 2691,2037 2690,2036 2513,2035 2512,2034 2452,2034 2451,2033 2450,2033 2450,2033 2449,2032 2449,2031 2448,2030 2448,2018 2447,2017 2227,2017 2226,2018 2224,2018 2223,2019 2172,2019 2171,2020 2168,2020 2167,2019 1934,2018 1934,2019 1934,2037 1933,2037 1931,2037 1931,2037 1931,1937 1931,1936 1933,1936 1934,1937 1934,1958 1934,1958 2112,1959 2113,1958 2113,1953 2114,1952 2114,1948 2121,1941 2123,1941 2125,1939 2127,1939 2128,1938 2129,1938 2130,1937 2136,1937 2137,1936 2138,1936 2139,1935 2152,1935 2153,1936 2181,1936 2183,1938 2228,1938 2229,1938 2229,1958 2229,1959 2408,1959 2409,1959 2409,1940 2410,1939 2410,1938 2410,1937 2416,1937 2417,1936 2421,1936 2422,1937 2422,1949 2422,1949 2601,1950 2602,1949 2602,1948 2605,1945 2605,1944 2608,1941 2609,1941 2612,1938 2613,1938 2614,1937 2617,1937 2618,1936 2621,1936 2622,1935 2625,1935 2626,1934 2627,1934 2629,1935 2629,1936 2630,1938 2632,1938 2633,1939 2702,1939 2703,1940 2705,1940 2706,1941 2707,1941 2709,1942 2709,1943 2709,1944 2711,1944 2713,1945 2713,1950 2713,1951 2780,1951 2784,1954 2784,1955 2784,1956 2959,1956 2960,1956 2960,1944 2960,1943 2984,1943 2985,1943 2985,1937 2985,1936 2987,1936 2988,1937 2988,1938 2988,1938 3119,1939 3120,1940 3124,1940 3125,1941 3127,1941 3129,1943 3205,1943 3206,1943 3206,1945 3206,1946 3453,1946 3456,1943 3457,1943 3458,1942 3460,1942 3461,1941 3463,1941 3464,1940 3465,1940 3466,1939 3467,1939 3468,1938 3470,1938 3471,1939 3472,1939 3473,1940 3477,1940 3478,1941 3654,1942 3655,1941 3655,1934 3655,1934 3656,1934 3656,2040 3655,2041 3655,2040 3655,2021 3654,2021 3467,2020 3466,2021 3465,2021 3462,2024 3461,2024 3460,2026 3460,2027 3459,2027 3458,2027 3457,2028 3451,2028 3451,2029 3451,2035 3449,2036 3448,2036 3447,2037 3446,2037 3445,2036 3444,2036 3444,2036 3444,2023 3443,2022 3324,2022 3323,2021 3294,2021 3293,2020 3292,2020 3291,2019 3055,2019 3054,2020 3052,2020 3051,2021 3011,2020 3009,2023 3009,2025 3008,2026 3008,2031 3006,2032 3005,2032 3004,2033 3001,2033 3000,2032 2999,2032 2998,2031 2997,2031 2996,2030 2964,2030 2964,2030 2964,2017 2963,2016 2754,2016 2754,2016 2754,2039 2752,2041"/>
        <TextEquiv index="0">
          <Unicode>von Anno 1674. &#383;tehet am 47. Blat / da&#223; die</Unicode>
        </TextEquiv>
        <TextEquiv index="1">
          <Unicode>von Anno 1674. &#383;tehet am 47. Blat / da&#223; die</Unicode>
        </TextEquiv>
      </TextLine>
      <TextLine id="l41">
        <Coords points="2954,2175 2954,2149 2954,2148 2614,2148 2613,2149 1934,2147 1934,2148 1934,2149 1934,2149 1931,2149 1930,2149 1931,2038 1931,2037 2919,2039 2920,2038 2922,2038 2923,2037 2927,2037 2928,2036 2936,2036 2937,2037 2939,2037 2940,2038 3089,2039 3090,2040 3655,2041 3656,2041 3655,2097 3655,2098 3613,2098 3612,2098 3612,2102 3611,2103 3611,2134 3610,2135 3610,2136 3609,2137 3609,2138 3607,2140 3607,2141 3603,2145 3603,2147 3603,2148 3602,2148 3601,2149 3600,2149 3599,2150 2956,2148 2955,2149 2955,2175 2955,2175"/>
        <TextEquiv index="0">
          <Unicode>Frantzo&#383;en in dem jetzigen Krieg Wel&#383;chbillich</Unicode>
        </TextEquiv>
        <TextEquiv index="1">
          <Unicode>Frantzo&#383;en in dei jetzigen Krieg Wel&#383;chbillich</Unicode>
        </TextEquiv>
      </TextLine>
      <TextLine id="l42">
        <Coords points="1931,2150 2744,2151 2744,2282 1931,2281"/>
        <TextEquiv index="0">
          <Unicode>abgebrannt haben.</Unicode>
        </TextEquiv>
        <TextEquiv index="1">
          <Unicode>abgebrannt haben.</Unicode>
        </TextEquiv>
      </TextLine>
      <TextEquiv>
        <Unicode/>
      </TextEquiv>
    </TextRegion>
    <TextRegion id="r4" orientation="0.0" type="paragraph">
      <Coords points="2383,2494 2383,2280 3148,2280 3148,2494"/>
      <TextLine id="l43">
        <Coords points="2405,2311 3136,2311 3136,2473 2405,2473"/>
        <TextEquiv index="0">
          <Unicode>Blie&#223;&#11799;Ca&#383;&#383;el.</Unicode>
        </TextEquiv>
        <TextEquiv index="1">
          <Unicode>Blie&#223; Ca&#383;el.</Unicode>
        </TextEquiv>
      </TextLine>
      <TextEquiv>
        <Unicode/>
      </TextEquiv>
    </TextRegion>
    <TextRegion id="r5" orientation="0.0" type="paragraph">
      <Coords points="1941,3415 1930,3334 1939,3236 1949,2715 2079,2711 2083,2637 3689,2643 3689,3404"/>
      <TextLine id="l44">
        <Coords points="2091,2529 3603,2529 3603,2641 2091,2641"/>
        <TextEquiv index="0">
          <Unicode>N der Blie&#223; / nahend Zweybr&#252;cken / gele&#11799;</Unicode>
        </TextEquiv>
        <TextEquiv index="1">
          <Unicode>N der Blie&#223; / nahend Zweybr&#252;cken / gele&#11799;</Unicode>
        </TextEquiv>
      </TextLine>
      <TextLine id="l45">
        <Coords points="2085,2644 3607,2644 3607,2744 2085,2744"/>
        <TextEquiv index="0">
          <Unicode>gen / davon Mun&#383;terus &#383;agt / da&#223; es ein</Unicode>
        </TextEquiv>
        <TextEquiv index="1">
          <Unicode>gen / davon Mun&#383;terus &#383;agt / da&#223; es ein</Unicode>
        </TextEquiv>
      </TextLine>
      <TextLine id="l46">
        <Coords points="3585,2848 3580,2848 3576,2845 3576,2843 3575,2842 3575,2840 3574,2839 3574,2832 3574,2831 3562,2831 3561,2830 3506,2830 3504,2828 3363,2828 3361,2830 3361,2831 3360,2832 3360,2835 3359,2836 3359,2843 3357,2845 3357,2846 3356,2847 3352,2847 3350,2846 3350,2845 3349,2844 3349,2843 3348,2842 3348,2832 3348,2831 3269,2831 3268,2830 3227,2830 3226,2829 3166,2829 3061,2829 3060,2830 2982,2830 2981,2831 2904,2831 2903,2832 2903,2833 2902,2834 2902,2835 2900,2837 2900,2838 2899,2839 2898,2839 2897,2840 2897,2842 2895,2844 2894,2844 2893,2845 2892,2845 2891,2844 2890,2844 2888,2842 2823,2842 2822,2842 2822,2834 2821,2833 2821,2829 2821,2828 2774,2828 2773,2827 2724,2827 2723,2827 2723,2826 2723,2825 2568,2825 2567,2826 2474,2826 2473,2827 2472,2827 2471,2828 2469,2828 2468,2829 2451,2829 2450,2830 2449,2829 2441,2829 2440,2828 2438,2828 2437,2827 2436,2827 2435,2826 2433,2826 2432,2825 2291,2825 2290,2826 2290,2837 2289,2838 2289,2843 2288,2844 2288,2845 2288,2845 2285,2845 2284,2846 2279,2846 2278,2845 2274,2845 2273,2844 2202,2844 2201,2844 2201,2843 2200,2841 2197,2841 2196,2841 2196,2840 2195,2839 2195,2830 2195,2829 2015,2829 2014,2830 2003,2830 2002,2829 2001,2829 2000,2828 1996,2828 1995,2827 1994,2827 1993,2826 1992,2826 1991,2825 1988,2825 1987,2824 1986,2824 1985,2823 1984,2823 1982,2821 1950,2821 1948,2820 1948,2815 1949,2814 1949,2762 1950,2761 1950,2758 1953,2755 1956,2755 1956,2755 1956,2753 1958,2751 1958,2750 1960,2748 1962,2748 1963,2747 1964,2747 1967,2744 1970,2744 1972,2742 1994,2742 1995,2743 1996,2743 1997,2744 1998,2744 1999,2745 2000,2745 2001,2746 2034,2746 2035,2748 2035,2749 2038,2751 2204,2751 2205,2750 2206,2750 2207,2749 2208,2749 2210,2747 2212,2747 2213,2746 2222,2746 2223,2747 2270,2747 2271,2748 2272,2748 2274,2750 2275,2750 2275,2751 2275,2752 2276,2753 2276,2754 2277,2755 2277,2768 2278,2768 2410,2768 2410,2768 2410,2765 2412,2763 2413,2763 2414,2762 2414,2760 2416,2758 2417,2758 2422,2753 2423,2753 2424,2752 2425,2752 2426,2751 2427,2751 2428,2750 2429,2750 2430,2749 2431,2749 2432,2748 2438,2748 2439,2747 2565,2747 2566,2746 2571,2746 2572,2747 2574,2747 2574,2748 2574,2752 2575,2752 2676,2752 2678,2754 2679,2754 2680,2755 2833,2755 2836,2752 2843,2752 2844,2751 2845,2751 2846,2752 2848,2752 2848,2753 2848,2754 2850,2755 2852,2755 2852,2756 2852,2759 2853,2760 2853,2762 2854,2762 3008,2762 3009,2761 3068,2761 3068,2761 3068,2760 3070,2758 3071,2758 3072,2757 3191,2757 3193,2755 3195,2755 3195,2755 3195,2754 3197,2752 3198,2752 3203,2747 3211,2747 3212,2746 3241,2746 3242,2745 3243,2745 3244,2746 3246,2746 3247,2747 3287,2747 3287,2748 3287,2749 3288,2749 3291,2749 3292,2750 3381,2750 3385,2754 3387,2754 3389,2756 3390,2756 3392,2758 3394,2758 3395,2759 3567,2759 3569,2757 3574,2757 3577,2754 3582,2754 3583,2755 3584,2755 3585,2757 3585,2774 3592,2781 3592,2782 3593,2783 3593,2784 3594,2784 3595,2784 3596,2786 3596,2788 3598,2789 3599,2789 3599,2790 3599,2791 3600,2792 3600,2793 3603,2796 3603,2799 3605,2801 3605,2807 3602,2810 3602,2840 3600,2842 3600,2843 3600,2843 3598,2843 3597,2844 3597,2846 3596,2847 3594,2847 3593,2848 3591,2848 3590,2849 3588,2849 3587,2850"/>
        <TextEquiv index="0">
          <Unicode>Trieri&#383;ches St&#228;dtlein &#383;eye / im We&#383;terrich</Unicode>
        </TextEquiv>
        <TextEquiv index="1">
          <Unicode>Trieri&#383;ches St&#228;dtlein &#383;eye / im We&#383;terrich</Unicode>
        </TextEquiv>
      </TextLine>
      <TextLine id="l47">
        <Coords points="1947,2851 3605,2851 3605,2957 1947,2957"/>
        <TextEquiv index="0">
          <Unicode>gelegen. In der Herb&#383;t&#11799;Relation de&#223; Jahrs</Unicode>
        </TextEquiv>
        <TextEquiv index="1">
          <Unicode>gelegen. In der Herb&#383;t&#11799;Relation de&#223; Jahrs</Unicode>
        </TextEquiv>
      </TextLine>
      <TextLine id="l48">
        <Coords points="1949,2958 3606,2958 3606,3061 1949,3061"/>
        <TextEquiv index="0">
          <Unicode>1674. &#383;tehet am 46. Blat / da&#223; Mon&#383;. Mon-</Unicode>
        </TextEquiv>
        <TextEquiv index="1">
          <Unicode>1674. &#383;tehet am 46. Blat / da&#223; Mon&#383;. Mon-</Unicode>
        </TextEquiv>
      </TextLine>
      <TextLine id="l49">
        <Coords points="2033,3170 2032,3169 2026,3169 2021,3165 2021,3163 2020,3162 2020,3141 2020,3140 1961,3140 1959,3138 1958,3138 1957,3137 1955,3137 1954,3137 1954,3136 1951,3133 1951,3128 1950,3127 1950,3124 1949,3123 1949,3099 1948,3098 1948,3096 1949,3095 1950,3095 1952,3093 1953,3093 1958,3088 2185,3088 2186,3087 2186,3086 2187,3085 2187,3084 2188,3083 2188,3082 2191,3079 2191,3078 2192,3077 2193,3077 2193,3077 2193,3076 2194,3075 2194,3074 2196,3072 2197,3072 2198,3071 2200,3071 2200,3071 2200,3069 2201,3068 2203,3068 2206,3065 2209,3065 2210,3064 2229,3064 2230,3063 2950,3063 2951,3062 2955,3062 2956,3061 2963,3061 2964,3062 2965,3062 2966,3063 2967,3063 2968,3064 2974,3064 2975,3065 3424,3065 3425,3066 3426,3066 3427,3067 3454,3067 3455,3068 3456,3068 3457,3069 3458,3069 3461,3072 3572,3072 3573,3073 3574,3073 3574,3074 3574,3075 3576,3077 3576,3096 3577,3096 3604,3096 3604,3097 3604,3098 3607,3101 3607,3111 3608,3111 3660,3111 3660,3112 3660,3113 3660,3113 3609,3113 3608,3114 3608,3115 3607,3116 3607,3126 3604,3129 3604,3130 3604,3130 3603,3130 3602,3131 3602,3144 3602,3144 3566,3144 3565,3145 3564,3145 3563,3146 3548,3146 3547,3147 3547,3151 3545,3153 3545,3155 3544,3156 3544,3157 3543,3158 3543,3159 3540,3162 3539,3162 3538,3163 3537,3163 3535,3165 3526,3165 3525,3166 3524,3166 3523,3165 3519,3165 3518,3164 3133,3164 3132,3163 3125,3163 3124,3162 3119,3162 3118,3161 3116,3161 3115,3160 2062,3160 2057,3165 2055,3165 2052,3168 2051,3168 2050,3169 2039,3169 2038,3170"/>
        <TextEquiv index="0">
          <Unicode>tage, Commendant vom K&#246;niglichen Regi&#11799;</Unicode>
        </TextEquiv>
        <TextEquiv index="1">
          <Unicode>cage, Commendant vom K&#246;niglichen Regi&#11799;</Unicode>
        </TextEquiv>
      </TextLine>
      <TextLine id="l50">
        <Coords points="3396,3275 3394,3273 3322,3273 3320,3275 3314,3275 3313,3275 3313,3274 3312,3273 3312,3246 3312,3245 3234,3245 3233,3246 3232,3246 3230,3248 3229,3248 3228,3249 3225,3249 3224,3250 3180,3250 3176,3254 3176,3255 3173,3258 3173,3260 3171,3262 3170,3262 3165,3267 3163,3267 3162,3268 3162,3269 3161,3270 3158,3270 3157,3271 3156,3271 3155,3272 3154,3272 3153,3273 3149,3273 3147,3272 3147,3252 3147,3251 3072,3251 3071,3252 3047,3252 3046,3253 3023,3253 3022,3254 3018,3254 3016,3252 2993,3252 2991,3251 2991,3250 2989,3248 2989,3247 2988,3245 2918,3245 2917,3246 2906,3246 2905,3247 2905,3252 2904,3253 2904,3254 2903,3255 2903,3256 2903,3256 2890,3256 2886,3260 2886,3264 2886,3264 2885,3264 2883,3266 2883,3267 2883,3267 2879,3267 2878,3268 2874,3268 2872,3270 2871,3270 2869,3272 2865,3272 2864,3271 2859,3271 2858,3270 2855,3270 2849,3265 2849,3263 2848,3262 2848,3253 2848,3252 2797,3252 2796,3252 2796,3250 2796,3249 2708,3249 2707,3250 2703,3250 2702,3251 2698,3251 2697,3250 2696,3250 2695,3249 2688,3249 2687,3248 2610,3248 2609,3249 2609,3250 2609,3250 2538,3250 2534,3254 2534,3255 2533,3256 2533,3257 2532,3258 2532,3260 2530,3262 2529,3262 2527,3264 2526,3264 2525,3265 2523,3265 2522,3266 2519,3266 2518,3267 2504,3267 2503,3266 2501,3266 2500,3265 2498,3265 2495,3263 2495,3262 2495,3261 2450,3261 2449,3260 2442,3260 2441,3259 2370,3259 2369,3260 2369,3261 2366,3264 2366,3265 2366,3265 2365,3265 2363,3267 2297,3267 2295,3269 2295,3270 2295,3270 2289,3270 2286,3268 2286,3250 2286,3249 2222,3249 2220,3251 2150,3251 2149,3252 2147,3252 2146,3251 2037,3251 2036,3252 2005,3252 2004,3253 2002,3253 2001,3252 1978,3252 1977,3251 1976,3251 1974,3249 1952,3249 1951,3249 1951,3248 1948,3245 1948,3244 1946,3242 1946,3239 1947,3238 1947,3205 1951,3201 1951,3199 1952,3198 1952,3197 1953,3196 1954,3196 1957,3193 1980,3193 1983,3190 1984,3190 1984,3191 1984,3194 1985,3194 2008,3194 2009,3195 2114,3195 2114,3195 2114,3194 2115,3193 2116,3193 2116,3193 2116,3192 2119,3189 2120,3189 2121,3188 2123,3188 2124,3187 2173,3187 2177,3183 2209,3183 2213,3179 2214,3179 2215,3178 2216,3178 2219,3175 2226,3175 2226,3176 2226,3178 2227,3179 2227,3193 2228,3193 2308,3193 2309,3192 2373,3192 2373,3192 2373,3191 2374,3190 2374,3182 2379,3177 2380,3177 2383,3174 2384,3176 2384,3178 2385,3179 2385,3186 2386,3186 2444,3186 2444,3187 2444,3191 2445,3191 2485,3191 2485,3191 2485,3180 2486,3179 2486,3178 2488,3176 2490,3176 2491,3178 2491,3182 2492,3183 2492,3193 2493,3193 2609,3193 2610,3192 2613,3192 2614,3193 2691,3193 2691,3193 2691,3192 2694,3189 2694,3188 2695,3187 2695,3186 2696,3185 2696,3184 2697,3183 2697,3182 2698,3181 2699,3181 2700,3180 2700,3179 2702,3177 2703,3177 2703,3177 2703,3176 2706,3173 2707,3173 2708,3172 2709,3172 2711,3170 2712,3170 2713,3169 2722,3169 2723,3168 2733,3168 2734,3167 2735,3168 2737,3168 2739,3170 2740,3170 2741,3171 2742,3171 2743,3172 2744,3172 2745,3173 2746,3173 2749,3176 2750,3176 2750,3177 2751,3178 2751,3179 2752,3179 2812,3179 2813,3180 2814,3180 2815,3182 2815,3196 2816,3196 2922,3196 2922,3196 2922,3194 2923,3193 2923,3192 2924,3191 2924,3189 2925,3188 2925,3186 2927,3184 2928,3184 2930,3187 2930,3196 2931,3196 3021,3196 3022,3195 3079,3195 3079,3195 3079,3182 3081,3180 3082,3180 3083,3182 3083,3189 3084,3189 3110,3189 3111,3191 3111,3204 3112,3205 3112,3206 3113,3206 3214,3206 3216,3204 3228,3204 3229,3205 3234,3205 3236,3207 3305,3207 3305,3207 3305,3193 3306,3192 3306,3190 3307,3189 3307,3187 3308,3186 3308,3185 3312,3181 3312,3180 3314,3178 3315,3178 3315,3178 3315,3177 3317,3175 3318,3175 3319,3174 3320,3174 3321,3173 3324,3173 3325,3172 3363,3172 3365,3170 3366,3172 3366,3174 3367,3174 3413,3174 3414,3175 3420,3175 3422,3177 3429,3177 3429,3178 3429,3179 3430,3180 3430,3184 3431,3184 3494,3184 3494,3185 3494,3187 3496,3188 3497,3188 3497,3189 3497,3192 3498,3192 3506,3192 3507,3193 3511,3193 3513,3195 3598,3195 3599,3194 3601,3194 3601,3195 3601,3197 3602,3198 3602,3199 3603,3200 3603,3201 3605,3202 3606,3202 3606,3203 3606,3205 3607,3206 3607,3236 3608,3236 3611,3236 3611,3237 3611,3238 3610,3239 3609,3239 3608,3240 3608,3243 3607,3244 3607,3245 3606,3246 3606,3247 3605,3248 3605,3249 3605,3249 3603,3249 3602,3250 3602,3254 3600,3256 3594,3256 3592,3254 3540,3254 3539,3253 3403,3253 3402,3254 3402,3274 3401,3275"/>
        <TextEquiv index="0">
          <Unicode>ment / bey jetzigem Krieg / mit 90. Pferden</Unicode>
        </TextEquiv>
        <TextEquiv index="1">
          <Unicode>ment / bey jetzigem Krieg / mit 90. Pferden</Unicode>
        </TextEquiv>
      </TextLine>
      <TextLine id="l51">
        <Coords points="1942,3274 2918,3274 2918,3383 1942,3383"/>
        <TextEquiv index="0">
          <Unicode>auff Blie&#223;&#11799;Ca&#383;&#383;el gelegen.</Unicode>
        </TextEquiv>
        <TextEquiv index="1">
          <Unicode>auff Blie&#223;&#11799;Ca&#383;&#383;el gelegen.</Unicode>
        </TextEquiv>
      </TextLine>
      <TextEquiv>
        <Unicode/>
      </TextEquiv>
    </TextRegion>
    <TextRegion id="r6" orientation="0.0" type="paragraph">
      <Coords points="2100,3615 2100,3429 3475,3429 3475,3615"/>
      <TextLine id="l52">
        <Coords points="2109,3449 3451,3449 3451,3607 2109,3607"/>
        <TextEquiv index="0">
          <Unicode>Boppart / oder Poppart.</Unicode>
        </TextEquiv>
        <TextEquiv index="1">
          <Unicode>Boppart / oder Poppart.</Unicode>
        </TextEquiv>
      </TextLine>
      <TextEquiv>
        <Unicode/>
      </TextEquiv>
    </TextRegion>
    <TextRegion id="r7" orientation="0.375" type="paragraph">
      <Coords points="1927,6139 1927,3835 2098,3816 2107,3750 2533,3738 3655,3737 3655,6000 3626,6086 3151,6098 2869,6080 2417,6139"/>
      <TextLine id="l53">
        <Coords points="2108,3629 3601,3619 3602,3732 2109,3742"/>
        <TextEquiv index="0">
          <Unicode>Ier Meil oberhalb Coblentz / am Rhein /</Unicode>
        </TextEquiv>
        <TextEquiv index="1">
          <Unicode>Jer Meil oberhalb Coblentz / am Rhein /</Unicode>
        </TextEquiv>
      </TextLine>
      <TextLine id="l54">
        <Coords points="3161,3841 3160,3840 3160,3837 3160,3837 2972,3838 2971,3837 2284,3841 2283,3840 2273,3840 2272,3839 2270,3839 2268,3837 2267,3837 2266,3837 2266,3836 2265,3835 2265,3831 2264,3830 2264,3824 2264,3823 2120,3824 2119,3823 2118,3823 2117,3822 2116,3822 2114,3821 2114,3819 2113,3817 2111,3817 2109,3816 2109,3815 2108,3814 2108,3808 2109,3807 2109,3782 2110,3781 2110,3777 2111,3776 2111,3775 2114,3772 2114,3771 2115,3770 2115,3769 2116,3769 2118,3767 2208,3767 2209,3766 2209,3757 2212,3754 2212,3753 2214,3751 2531,3749 2533,3747 2534,3747 2536,3745 2536,3744 2539,3741 2541,3741 2542,3740 2543,3740 2546,3742 2546,3743 2546,3744 2664,3743 2665,3744 3226,3740 3227,3741 3232,3741 3233,3742 3535,3740 3536,3741 3536,3742 3536,3742 3600,3742 3601,3742 3601,3743 3602,3744 3602,3823 3603,3824 3606,3824 3606,3824 3606,3825 3606,3826 3254,3828 3253,3828 3253,3829 3252,3831 3251,3831 3250,3832 3249,3832 3249,3833 3249,3834 3248,3834 3247,3835 3244,3835 3243,3836 3169,3837 3168,3837 3168,3840 3168,3841"/>
        <TextEquiv index="0">
          <Unicode>und gar wol gelegen / daher auch / und we&#11799;</Unicode>
        </TextEquiv>
        <TextEquiv index="1">
          <Unicode>und gar wol gelegen / daher auch / und we&#11799;</Unicode>
        </TextEquiv>
      </TextLine>
      <TextLine id="l55">
        <Coords points="3101,3950 3100,3949 3099,3949 3098,3947 3098,3924 3097,3924 3068,3924 3068,3925 3068,3936 3067,3937 3067,3939 3066,3940 3066,3941 3065,3942 3065,3943 3064,3943 3063,3943 3062,3944 3058,3944 3056,3942 3053,3942 3051,3940 3051,3936 3050,3935 3050,3926 3049,3925 3037,3925 3037,3925 3037,3923 3036,3922 3010,3923 3009,3922 3007,3922 3002,3917 2977,3917 2977,3917 2977,3921 2975,3923 2974,3923 2973,3924 2969,3924 2968,3925 2964,3925 2963,3926 2958,3926 2957,3927 2956,3927 2955,3928 2932,3928 2931,3927 2929,3927 2928,3926 2926,3926 2925,3925 2924,3925 2923,3924 2922,3924 2921,3923 2919,3923 2913,3917 2912,3917 2909,3914 2908,3914 2905,3911 2905,3910 2904,3909 2904,3908 2901,3905 2901,3903 2900,3902 2900,3901 2899,3900 2899,3896 2898,3895 2898,3888 2897,3887 2864,3887 2864,3888 2864,3915 2862,3917 2862,3918 2861,3919 2858,3919 2857,3920 2857,3921 2854,3924 2853,3923 2851,3923 2850,3922 2827,3922 2827,3922 2827,3924 2826,3925 2824,3925 2820,3920 2820,3919 2819,3919 2816,3919 2816,3918 2816,3917 2815,3917 2791,3917 2785,3923 2784,3923 2783,3924 2782,3924 2781,3925 2780,3925 2775,3920 2750,3920 2750,3921 2750,3922 2746,3925 2741,3925 2740,3924 2738,3924 2737,3923 2736,3923 2734,3921 2733,3921 2732,3920 2731,3920 2730,3919 2729,3919 2728,3918 2728,3917 2727,3916 2727,3913 2726,3912 2726,3902 2725,3901 2702,3902 2702,3902 2702,3903 2701,3904 2701,3907 2700,3908 2700,3910 2698,3912 2698,3913 2697,3914 2697,3917 2696,3918 2696,3921 2695,3922 2695,3923 2694,3924 2694,3925 2692,3927 2689,3927 2688,3925 2688,3922 2687,3922 2663,3922 2661,3924 2659,3924 2658,3925 2655,3925 2653,3923 2628,3923 2627,3924 2622,3919 2621,3919 2620,3918 2596,3918 2591,3923 2589,3923 2588,3922 2586,3922 2586,3922 2586,3921 2585,3920 2585,3919 2584,3918 2560,3918 2559,3920 2559,3921 2558,3921 2557,3922 2556,3923 2554,3923 2553,3924 2551,3924 2550,3923 2549,3923 2548,3922 2547,3922 2546,3921 2545,3921 2544,3920 2543,3920 2542,3919 2541,3919 2540,3918 2539,3918 2538,3917 2537,3917 2536,3916 2507,3916 2506,3917 2506,3918 2504,3920 2502,3920 2501,3921 2501,3922 2498,3925 2479,3925 2478,3927 2478,3928 2477,3929 2477,3933 2475,3935 2475,3936 2474,3936 2473,3936 2472,3938 2472,3939 2470,3940 2469,3940 2468,3941 2467,3941 2466,3942 2465,3942 2464,3943 2460,3943 2459,3942 2458,3942 2457,3941 2457,3898 2456,3897 2453,3897 2452,3896 2451,3896 2451,3896 2450,3883 2450,3882 2429,3882 2428,3883 2429,3917 2428,3918 2428,3920 2427,3921 2427,3922 2426,3922 2425,3922 2424,3924 2424,3925 2421,3927 2418,3927 2418,3927 2418,3926 2417,3925 2394,3926 2392,3924 2367,3924 2365,3926 2364,3925 2340,3925 2339,3926 2334,3926 2333,3925 2307,3925 2306,3924 2268,3924 2267,3926 2267,3927 2266,3928 2266,3931 2264,3933 2264,3935 2262,3937 2262,3938 2260,3940 2260,3941 2259,3942 2259,3943 2256,3945 2255,3945 2253,3947 2247,3948 2246,3949 2239,3949 2238,3948 2231,3948 2229,3946 2228,3946 2224,3941 2224,3940 2223,3939 2223,3936 2222,3935 2222,3921 2221,3921 2202,3921 2200,3923 2199,3923 2195,3927 2195,3928 2194,3929 2190,3933 2189,3933 2183,3939 2182,3939 2181,3940 2176,3940 2175,3942 2175,3950 2173,3951 2173,3951 2173,3950 2172,3949 2168,3949 2168,3949 2168,3948 2167,3947 2167,3929 2166,3928 2143,3928 2142,3929 2142,3929 2142,3928 2140,3926 2139,3926 2139,3926 2139,3924 2138,3923 2113,3923 2113,3924 2113,3925 2112,3925 2111,3925 2110,3926 2109,3926 2107,3928 2106,3928 2104,3930 2100,3930 2097,3928 2096,3928 2095,3927 2094,3927 2092,3925 2066,3925 2066,3925 2066,3926 2065,3927 2065,3928 2060,3933 2058,3933 2057,3934 2055,3934 2053,3932 2006,3932 2005,3933 1985,3933 1983,3936 1983,3938 1982,3939 1982,3941 1981,3942 1981,3945 1978,3947 1976,3947 1974,3949 1972,3949 1971,3950 1969,3950 1967,3952 1965,3952 1963,3954 1962,3953 1954,3953 1953,3952 1952,3952 1950,3950 1948,3950 1947,3949 1947,3948 1944,3945 1944,3944 1942,3942 1942,3935 1943,3934 1943,3906 1944,3905 1944,3901 1946,3899 1946,3898 1948,3896 1948,3894 1949,3892 1950,3892 1952,3891 1952,3889 1957,3883 1958,3883 1962,3879 1963,3879 1963,3879 1963,3878 1964,3877 1965,3877 1969,3873 1971,3873 1973,3876 1973,3880 1975,3881 2002,3881 2005,3878 2008,3878 2011,3875 2012,3875 2013,3874 2014,3874 2015,3873 2016,3873 2017,3874 2055,3874 2057,3872 2058,3872 2059,3873 2059,3874 2061,3876 2061,3877 2062,3878 2062,3879 2064,3881 2065,3881 2065,3881 2065,3885 2066,3886 2087,3886 2087,3885 2087,3866 2088,3865 2088,3864 2090,3862 2090,3860 2092,3859 2093,3859 2094,3858 2096,3858 2097,3857 2099,3857 2100,3858 2100,3863 2101,3863 2102,3863 2103,3864 2104,3864 2107,3867 2109,3867 2110,3868 2111,3868 2112,3869 2114,3869 2116,3871 2117,3871 2118,3872 2119,3872 2120,3873 2121,3873 2122,3875 2122,3876 2124,3877 2148,3877 2150,3875 2152,3875 2154,3873 2167,3873 2167,3873 2167,3871 2171,3867 2171,3866 2172,3865 2172,3864 2174,3862 2174,3861 2175,3860 2175,3859 2178,3856 2179,3856 2180,3854 2180,3853 2181,3853 2182,3853 2183,3852 2185,3852 2186,3851 2187,3851 2188,3850 2189,3850 2190,3849 2194,3849 2195,3850 2196,3850 2197,3851 2198,3851 2199,3852 2199,3853 2201,3855 2202,3855 2202,3855 2202,3877 2203,3878 2203,3879 2204,3880 2204,3881 2206,3883 2207,3883 2208,3884 2233,3884 2240,3876 2240,3875 2243,3873 2244,3873 2244,3872 2244,3870 2246,3869 2250,3869 2250,3869 2250,3872 2253,3874 2277,3874 2278,3873 2279,3873 2280,3872 2307,3872 2307,3872 2307,3871 2308,3870 2311,3870 2312,3869 2333,3869 2333,3868 2333,3867 2338,3863 2345,3863 2346,3864 2346,3873 2347,3874 2369,3874 2371,3872 2372,3872 2373,3871 2394,3871 2396,3869 2421,3868 2422,3870 2422,3872 2423,3873 2423,3874 2424,3874 2448,3874 2448,3874 2448,3872 2449,3871 2450,3871 2450,3871 2450,3857 2451,3856 2452,3856 2452,3856 2452,3853 2454,3851 2454,3850 2456,3848 2457,3848 2459,3846 2460,3846 2461,3845 2464,3845 2466,3843 2467,3843 2468,3844 2473,3844 2476,3847 2500,3847 2501,3845 2501,3844 2502,3844 2503,3844 2504,3843 2505,3844 2508,3844 2508,3844 2508,3845 2509,3846 2509,3847 2511,3849 2511,3852 2512,3853 2512,3854 2514,3856 2514,3857 2518,3861 2518,3862 2519,3863 2519,3864 2522,3867 2523,3867 2524,3868 2525,3869 2525,3870 2527,3872 2553,3872 2554,3871 2556,3871 2557,3870 2583,3869 2585,3867 2586,3867 2588,3865 2589,3865 2589,3866 2589,3867 2590,3867 2623,3867 2628,3862 2629,3862 2631,3860 2633,3860 2634,3861 2635,3861 2635,3861 2635,3862 2636,3863 2637,3863 2637,3863 2637,3871 2638,3872 2659,3872 2662,3869 2664,3869 2665,3868 2667,3868 2668,3867 2672,3867 2675,3870 2675,3871 2677,3873 2677,3875 2678,3876 2679,3886 2679,3887 2700,3887 2701,3886 2701,3885 2702,3883 2702,3882 2703,3882 2704,3882 2704,3881 2704,3880 2706,3878 2706,3876 2707,3875 2707,3874 2708,3873 2708,3871 2709,3870 2709,3869 2710,3869 2711,3868 2711,3868 2711,3867 2712,3866 2712,3865 2713,3864 2713,3862 2714,3861 2714,3860 2715,3859 2716,3859 2717,3858 2717,3859 2717,3860 2718,3861 2718,3874 2719,3874 2739,3874 2740,3873 2741,3873 2742,3872 2745,3872 2747,3870 2748,3871 2751,3871 2754,3874 2767,3874 2767,3874 2767,3863 2769,3861 2769,3859 2775,3853 2776,3853 2777,3855 2777,3857 2780,3859 2781,3859 2783,3861 2784,3861 2785,3862 2786,3862 2788,3864 2789,3864 2790,3865 2792,3865 2793,3866 2794,3866 2796,3868 2796,3869 2799,3872 2800,3872 2801,3873 2826,3873 2827,3871 2827,3870 2829,3869 2832,3869 2833,3868 2853,3868 2857,3872 2874,3871 2874,3872 2874,3873 2875,3873 2900,3873 2900,3873 2900,3872 2901,3871 2901,3868 2902,3867 2902,3866 2905,3863 2905,3860 2907,3858 2908,3858 2911,3855 2913,3855 2913,3855 2913,3852 2914,3851 2919,3851 2921,3849 2922,3849 2923,3848 2937,3848 2937,3848 2937,3847 2938,3846 2953,3846 2953,3846 2953,3847 2954,3848 2987,3848 2987,3848 2987,3877 2988,3878 3006,3878 3010,3873 3010,3872 3012,3871 3013,3871 3014,3870 3027,3869 3027,3869 3027,3858 3029,3856 3034,3856 3035,3855 3035,3854 3036,3853 3036,3852 3037,3851 3042,3851 3045,3848 3046,3848 3048,3850 3049,3850 3050,3851 3055,3851 3055,3852 3055,3869 3057,3870 3058,3870 3060,3872 3085,3872 3087,3870 3087,3869 3089,3867 3093,3867 3093,3866 3093,3855 3095,3854 3115,3854 3119,3850 3120,3850 3120,3849 3120,3847 3121,3847 3123,3847 3125,3845 3127,3845 3128,3844 3151,3844 3152,3843 3154,3843 3155,3842 3156,3842 3158,3840 3160,3840 3161,3841 3169,3841 3170,3841 3172,3841 3174,3844 3174,3849 3175,3849 3191,3849 3191,3850 3191,3868 3192,3868 3199,3868 3200,3870 3200,3871 3203,3874 3203,3876 3204,3877 3204,3878 3205,3878 3229,3878 3229,3878 3229,3875 3230,3874 3230,3873 3233,3870 3235,3870 3236,3869 3237,3870 3264,3870 3267,3867 3293,3867 3295,3869 3296,3869 3296,3869 3297,3870 3297,3871 3299,3873 3326,3872 3329,3869 3330,3869 3331,3868 3333,3868 3334,3867 3335,3868 3357,3868 3358,3869 3378,3869 3380,3871 3381,3871 3381,3872 3381,3874 3382,3874 3407,3874 3408,3873 3409,3873 3411,3871 3412,3871 3415,3868 3416,3869 3419,3869 3421,3871 3423,3871 3423,3871 3423,3872 3424,3873 3424,3874 3425,3875 3425,3877 3426,3878 3427,3887 3427,3888 3448,3888 3451,3885 3450,3880 3452,3879 3453,3879 3454,3877 3454,3876 3455,3875 3455,3874 3456,3873 3456,3871 3457,3870 3457,3868 3459,3866 3459,3863 3460,3862 3460,3861 3462,3860 3473,3860 3473,3859 3473,3850 3474,3850 3475,3850 3483,3850 3484,3851 3485,3851 3486,3852 3496,3852 3496,3853 3496,3856 3497,3856 3530,3856 3530,3856 3530,3855 3531,3854 3533,3854 3534,3853 3535,3855 3535,3857 3537,3859 3537,3874 3538,3874 3556,3874 3558,3872 3559,3872 3560,3870 3560,3869 3561,3869 3563,3869 3565,3867 3568,3867 3569,3868 3569,3872 3571,3874 3572,3912 3572,3913 3582,3913 3583,3912 3583,3893 3587,3889 3589,3889 3591,3887 3592,3887 3596,3883 3596,3882 3597,3881 3598,3881 3599,3880 3599,3879 3599,3878 3601,3877 3602,3877 3603,3875 3603,3874 3605,3873 3606,3873 3607,3872 3608,3873 3609,3873 3609,3873 3610,3896 3611,3897 3611,3898 3610,3899 3610,3905 3607,3908 3605,3908 3602,3911 3602,3912 3601,3913 3597,3913 3597,3913 3597,3921 3596,3922 3595,3922 3593,3924 3589,3924 3588,3922 3588,3920 3587,3920 3561,3920 3561,3920 3561,3921 3559,3923 3528,3923 3525,3926 3524,3926 3524,3926 3524,3925 3523,3924 3522,3924 3521,3923 3520,3923 3519,3922 3519,3921 3518,3920 3493,3920 3493,3921 3493,3922 3492,3922 3491,3922 3490,3923 3485,3923 3484,3922 3481,3922 3480,3921 3479,3921 3479,3921 3479,3920 3477,3918 3475,3918 3475,3918 3475,3916 3474,3915 3474,3904 3473,3904 3449,3904 3449,3904 3449,3908 3448,3909 3448,3911 3447,3912 3447,3914 3446,3915 3446,3916 3445,3917 3444,3918 3443,3918 3443,3918 3443,3924 3442,3925 3442,3926 3441,3927 3440,3927 3437,3930 3436,3930 3435,3928 3435,3922 3434,3922 3411,3922 3410,3923 3380,3923 3379,3924 3378,3924 3375,3921 3326,3921 3325,3922 3324,3922 3323,3923 3322,3923 3322,3923 3322,3922 3320,3921 3319,3921 3319,3920 3319,3919 3316,3917 3287,3917 3286,3918 3286,3919 3284,3921 3283,3920 3281,3920 3280,3919 3252,3919 3252,3919 3252,3920 3251,3921 3251,3922 3250,3923 3244,3923 3243,3922 3243,3921 3242,3920 3204,3920 3204,3921 3204,3940 3203,3941 3203,3942 3201,3943 3200,3943 3199,3944 3183,3944 3181,3942 3181,3940 3180,3939 3180,3923 3179,3922 3176,3922 3175,3921 3175,3920 3174,3919 3173,3918 3172,3918 3172,3918 3172,3915 3171,3914 3147,3915 3146,3916 3146,3927 3145,3928 3145,3933 3142,3936 3142,3939 3141,3940 3140,3940 3138,3937 3138,3936 3137,3935 3137,3934 3136,3934 3116,3934 3115,3932 3115,3931 3114,3930 3114,3927 3113,3926 3113,3924 3112,3924 3105,3924 3105,3924 3105,3949 3104,3950"/>
        <TextEquiv index="0">
          <Unicode>gen de&#223; guten Ports / oder Schiffhavens / die&#11799;</Unicode>
        </TextEquiv>
        <TextEquiv index="1">
          <Unicode>gen de&#223; guten Ports / oder Schiffhavens / die&#11799;</Unicode>
        </TextEquiv>
      </TextLine>
      <TextLine id="l56">
        <Coords points="3460,4055 3459,4054 3446,4054 3446,4053 3446,4052 3445,4051 3444,4030 3444,4030 3365,4030 3364,4031 3332,4031 3331,4032 3330,4032 3329,4031 3262,4032 3261,4032 3261,4033 3261,4034 3216,4034 3216,4035 3216,4039 3215,4039 3194,4039 3193,4040 3191,4040 3190,4039 3189,4030 3189,4029 3062,4030 3060,4032 3030,4032 3028,4034 3029,4045 3028,4045 3027,4045 3026,4046 3025,4046 3025,4047 3025,4048 3023,4049 3022,4049 3021,4048 3020,4048 3019,4047 3019,4039 3018,4038 3017,4034 3017,4033 2975,4034 2974,4033 2971,4033 2970,4032 2867,4032 2866,4033 2830,4034 2828,4036 2828,4037 2827,4038 2826,4038 2826,4038 2826,4041 2825,4042 2825,4041 2824,4034 2824,4034 2730,4034 2725,4029 2636,4030 2635,4031 2634,4031 2632,4033 2579,4033 2578,4034 2576,4034 2574,4032 2484,4033 2482,4035 2480,4035 2479,4036 2429,4036 2428,4036 2428,4034 2428,4033 2296,4034 2295,4035 2252,4036 2251,4036 2252,4041 2250,4043 2247,4043 2247,4042 2246,4037 2246,4037 2161,4037 2160,4038 2157,4038 2156,4039 2155,4039 2154,4040 2145,4040 2144,4041 2143,4041 2142,4042 2139,4042 2138,4043 2137,4043 2136,4042 2133,4042 2132,4041 2132,4040 2131,4039 1960,4040 1960,4041 1960,4042 1959,4043 1959,4055 1956,4057 1952,4057 1951,4056 1949,4056 1948,4055 1947,3995 1948,3994 1948,3986 1949,3985 1949,3979 1951,3977 1951,3974 1952,3973 1952,3971 1953,3970 1954,3970 1954,3970 1954,3969 1955,3968 1955,3967 1956,3966 1958,3966 1959,3965 1965,3965 1965,3965 1965,3964 1966,3963 1967,3963 1968,3962 1970,3962 1970,3961 1972,3962 1973,3962 1974,3963 1975,3963 1976,3964 1979,3964 1979,3965 1979,3966 1980,3967 1980,3980 1981,3980 2109,3979 2109,3979 2109,3974 2111,3972 2113,3972 2114,3971 2115,3971 2116,3970 2118,3970 2120,3968 2122,3968 2124,3966 2126,3966 2128,3964 2128,3963 2129,3962 2132,3962 2132,3961 2133,3961 2134,3960 2135,3960 2136,3959 2137,3959 2138,3959 2138,3958 2138,3957 2139,3957 2141,3955 2145,3955 2146,3956 2149,3956 2150,3957 2150,3958 2151,3959 2151,3962 2154,3964 2155,3964 2155,3965 2155,3966 2156,3967 2156,3968 2157,3968 2160,3968 2160,3969 2160,3970 2161,3971 2162,3971 2163,3971 2164,3972 2278,3971 2282,3967 2282,3966 2286,3962 2287,3963 2288,3963 2288,3964 2288,3968 2289,3968 2290,3968 2292,3970 2295,3970 2296,3971 2299,3971 2302,3974 2407,3973 2407,3973 2407,3969 2408,3968 2408,3965 2411,3962 2412,3962 2412,3962 2412,3961 2413,3959 2414,3959 2415,3959 2415,3958 2417,3956 2417,3955 2418,3953 2419,3953 2420,3952 2443,3952 2445,3950 2448,3950 2449,3949 2450,3949 2451,3948 2453,3948 2454,3947 2470,3947 2471,3948 2475,3948 2477,3950 2478,3950 2480,3952 2481,3952 2483,3954 2484,3954 2486,3956 2487,3956 2490,3958 2490,3961 2491,3962 2492,3962 2492,3962 2492,3963 2493,3964 2493,3965 2494,3966 2494,3967 2496,3969 2496,3973 2497,3974 2577,3973 2578,3972 2580,3972 2581,3973 2680,3973 2680,3972 2680,3962 2683,3960 2684,3960 2686,3957 2686,3956 2688,3954 2689,3954 2691,3952 2694,3952 2696,3950 2705,3950 2709,3953 2709,3966 2710,3967 2710,3975 2711,3976 2787,3975 2788,3974 2789,3974 2790,3975 2790,3976 2791,3977 2929,3976 2930,3975 2931,3976 3016,3976 3016,3975 3016,3973 3017,3972 3017,3968 3019,3966 3019,3963 3020,3962 3020,3960 3021,3959 3021,3958 3021,3957 3022,3957 3023,3956 3024,3956 3025,3955 3026,3955 3027,3954 3028,3954 3029,3953 3035,3953 3037,3951 3101,3951 3102,3950 3103,3950 3104,3950 3104,3955 3104,3956 3106,3956 3108,3958 3126,3958 3127,3958 3127,3972 3128,3973 3261,3972 3261,3971 3261,3970 3262,3970 3268,3970 3270,3972 3270,3973 3271,3974 3338,3973 3338,3973 3338,3961 3341,3958 3343,3958 3344,3960 3344,3962 3345,3963 3345,3974 3346,3974 3420,3974 3422,3972 3423,3972 3425,3970 3426,3970 3427,3969 3439,3969 3439,3968 3439,3961 3440,3961 3449,3961 3449,3960 3449,3959 3451,3958 3452,3958 3452,3957 3452,3956 3452,3956 3463,3956 3464,3957 3465,3957 3466,3957 3466,3959 3467,3960 3555,3959 3556,3957 3556,3956 3556,3956 3559,3956 3561,3957 3562,3957 3563,3958 3563,3972 3564,3973 3593,3973 3594,3974 3595,3974 3596,3975 3596,3975 3596,3976 3601,3981 3602,3981 3602,3981 3602,3982 3604,3984 3604,3996 3605,3997 3605,3998 3606,3999 3606,4001 3605,4002 3605,4008 3604,4009 3604,4019 3603,4021 3599,4021 3598,4021 3598,4024 3597,4026 3592,4026 3588,4030 3587,4030 3586,4031 3583,4031 3581,4032 3582,4033 3581,4034 3580,4034 3579,4035 3513,4035 3513,4036 3513,4053 3512,4053 3462,4054 3461,4055"/>
        <TextEquiv index="0">
          <Unicode>&#383;em Ort der Name kommen &#383;olle; wie theils</Unicode>
        </TextEquiv>
        <TextEquiv index="1">
          <Unicode>&#383;em Ort der Name kommen &#383;olle; wie theils</Unicode>
        </TextEquiv>
      </TextLine>
      <TextLine id="l57">
        <Coords points="2186,4168 2185,4167 2184,4167 2181,4164 2181,4163 2183,4161 2183,4144 2183,4144 2124,4144 2123,4145 2122,4145 2121,4146 2120,4146 2119,4145 2037,4146 2036,4147 2003,4147 2002,4146 1960,4146 1959,4146 1959,4145 1957,4143 1957,4142 1956,4140 1955,4140 1954,4139 1952,4139 1951,4138 1949,4138 1948,4138 1948,4136 1950,4134 1950,4110 1949,4109 1948,4109 1948,4109 1948,4108 1947,4107 1947,4105 1946,4105 1945,4105 1945,4104 1945,4099 1946,4098 1946,4097 1947,4096 1947,4095 1947,4095 1948,4094 1950,4093 1950,4092 1952,4089 2015,4089 2016,4088 2036,4088 2037,4087 2092,4087 2094,4085 2095,4085 2096,4084 2097,4085 2200,4084 2201,4083 2202,4083 2205,4086 2294,4085 2295,4084 2316,4084 2317,4083 2318,4083 2319,4084 2342,4084 2344,4086 2410,4085 2411,4085 2411,4070 2415,4065 2416,4065 2418,4063 2419,4063 2420,4062 2422,4062 2424,4060 2426,4060 2427,4059 2430,4059 2431,4058 2439,4058 2440,4059 2441,4059 2442,4060 2474,4060 2475,4061 2477,4061 2479,4063 2479,4068 2479,4068 2543,4068 2544,4068 2544,4071 2545,4073 2546,4073 2548,4075 2551,4075 2552,4076 2553,4076 2554,4077 2555,4077 2556,4078 2557,4078 2559,4079 2671,4079 2672,4078 2740,4077 2741,4077 2741,4075 2742,4074 2742,4073 2743,4071 2744,4071 2745,4071 2745,4069 2750,4063 2751,4063 2752,4062 2757,4062 2758,4061 2760,4061 2762,4063 2762,4083 2762,4083 2874,4082 2875,4081 2876,4081 2878,4083 2878,4084 2878,4084 2897,4084 2898,4085 2978,4085 2979,4084 2979,4069 2979,4069 2985,4069 2987,4067 2988,4067 2990,4065 2992,4065 2993,4064 3018,4063 3019,4064 3021,4064 3022,4065 3023,4065 3024,4066 3024,4081 3024,4081 3050,4081 3051,4082 3052,4082 3053,4083 3136,4083 3137,4082 3137,4080 3139,4078 3139,4075 3139,4075 3149,4075 3151,4073 3151,4072 3152,4071 3152,4069 3153,4068 3155,4068 3156,4067 3157,4068 3159,4068 3161,4069 3161,4070 3161,4071 3166,4071 3167,4071 3167,4073 3170,4076 3170,4077 3172,4079 3242,4079 3243,4079 3243,4077 3244,4076 3244,4075 3245,4074 3245,4072 3246,4071 3246,4070 3247,4068 3247,4067 3247,4067 3249,4067 3251,4065 3252,4065 3254,4063 3255,4063 3256,4062 3257,4062 3258,4061 3261,4061 3262,4060 3267,4060 3268,4060 3268,4061 3268,4062 3272,4062 3276,4065 3276,4079 3276,4080 3380,4079 3381,4079 3381,4074 3382,4073 3382,4072 3384,4069 3387,4069 3388,4068 3389,4068 3390,4069 3390,4071 3392,4073 3393,4073 3394,4074 3395,4074 3397,4076 3399,4076 3401,4078 3407,4078 3408,4078 3408,4079 3409,4081 3466,4081 3468,4083 3549,4082 3550,4082 3550,4074 3551,4072 3552,4072 3553,4071 3553,4070 3554,4069 3554,4068 3555,4067 3556,4067 3557,4066 3559,4066 3560,4065 3560,4064 3561,4063 3563,4063 3564,4062 3569,4062 3570,4062 3570,4066 3569,4067 3569,4069 3567,4071 3567,4087 3567,4088 3603,4088 3604,4088 3604,4092 3605,4093 3605,4098 3604,4099 3604,4112 3603,4113 3603,4117 3602,4118 3602,4119 3601,4121 3600,4121 3599,4122 3598,4122 3597,4123 3596,4123 3594,4124 3594,4125 3594,4126 3593,4126 3592,4127 3591,4127 3588,4130 3587,4130 3586,4131 3584,4131 3583,4132 3580,4132 3579,4133 3559,4133 3558,4134 3557,4134 3556,4135 3533,4135 3531,4137 3511,4137 3509,4135 3393,4136 3392,4135 3335,4135 3334,4134 3264,4135 3262,4136 3262,4137 3259,4141 3258,4141 3254,4145 3253,4145 3251,4147 3247,4147 3246,4148 3246,4149 3245,4150 3245,4151 3245,4151 3243,4151 3241,4153 3238,4151 3238,4139 3238,4138 3222,4138 3220,4137 3220,4136 3220,4135 3118,4136 3117,4136 3117,4138 3116,4139 3116,4159 3116,4160 3115,4159 3115,4142 3115,4142 3114,4142 3112,4140 3041,4140 3039,4138 2952,4139 2951,4140 2902,4140 2899,4137 2829,4138 2828,4139 2727,4139 2724,4136 2706,4137 2705,4136 2625,4136 2624,4137 2623,4137 2621,4139 2618,4139 2616,4137 2524,4138 2522,4140 2469,4140 2467,4142 2465,4140 2439,4140 2438,4139 2349,4140 2347,4142 2346,4142 2344,4144 2343,4144 2342,4143 2341,4143 2340,4142 2262,4142 2260,4144 2205,4145 2200,4149 2200,4151 2198,4153 2198,4155 2197,4156 2197,4157 2193,4161 2193,4165 2191,4168"/>
        <TextEquiv index="0">
          <Unicode>vermeynen: Andere aber wollen / da&#223; er der al&#11799;</Unicode>
        </TextEquiv>
        <TextEquiv index="1">
          <Unicode>vermeynen: Andere aber wollen / da&#223; er der al&#11799;</Unicode>
        </TextEquiv>
      </TextLine>
      <TextLine id="l58">
        <Coords points="3528,4270 3527,4269 3498,4269 3497,4269 3497,4237 3496,4236 3460,4237 3459,4236 3358,4236 3357,4237 3325,4237 3324,4238 3323,4238 3321,4237 3319,4237 3319,4236 3319,4235 3318,4235 3205,4235 3204,4236 3141,4237 3139,4239 3139,4240 3138,4241 3110,4241 3108,4243 3070,4243 3069,4244 3030,4244 3028,4246 3027,4246 3026,4247 3000,4248 3000,4248 3000,4249 2997,4252 2996,4252 2992,4256 2986,4256 2985,4254 2985,4241 2984,4241 2969,4241 2968,4240 2889,4240 2887,4242 2855,4243 2854,4244 2853,4244 2852,4243 2847,4243 2846,4242 2724,4242 2723,4243 2718,4243 2716,4241 2699,4242 2698,4241 2665,4241 2664,4240 2511,4241 2511,4241 2511,4245 2510,4246 2510,4247 2507,4250 2507,4251 2505,4253 2504,4253 2503,4254 2502,4254 2500,4256 2499,4256 2496,4259 2492,4259 2491,4257 2491,4243 2490,4243 2272,4244 2271,4245 2268,4245 2267,4246 2265,4246 2264,4247 2262,4247 2261,4248 2260,4247 2257,4247 2256,4246 2209,4247 2209,4247 2209,4273 2209,4274 2208,4274 2207,4273 2207,4247 2206,4247 2163,4247 2162,4248 2156,4248 2155,4249 2146,4249 2145,4248 2046,4249 2043,4252 2043,4253 2042,4254 2041,4254 2041,4254 2041,4255 2038,4258 2036,4258 2035,4257 2011,4257 2008,4254 1951,4254 1950,4253 1949,4253 1948,4252 1948,4249 1946,4248 1945,4248 1944,4246 1944,4228 1943,4227 1943,4210 1942,4209 1942,4208 1943,4207 1943,4205 1946,4202 1947,4202 1950,4199 1950,4198 1951,4197 1951,4195 1955,4190 1957,4190 1958,4189 1960,4189 1961,4188 1962,4188 1963,4190 1963,4191 1965,4192 1965,4193 1966,4194 1966,4195 1966,4195 2069,4195 2070,4194 2069,4174 2071,4173 2094,4173 2095,4174 2100,4174 2101,4174 2105,4174 2106,4175 2108,4175 2109,4176 2110,4176 2111,4177 2112,4177 2115,4181 2115,4186 2116,4187 2117,4200 2117,4200 2201,4200 2202,4199 2211,4199 2212,4198 2211,4172 2212,4171 2212,4170 2213,4170 2214,4170 2215,4169 2221,4169 2222,4170 2296,4169 2297,4168 2298,4169 2302,4169 2302,4170 2302,4172 2303,4173 2304,4194 2304,4194 2383,4194 2384,4193 2383,4174 2384,4174 2385,4174 2386,4173 2387,4173 2388,4172 2389,4173 2390,4173 2394,4177 2395,4195 2395,4196 2437,4195 2438,4196 2439,4196 2440,4197 2521,4197 2522,4196 2521,4170 2522,4170 2523,4170 2524,4169 2528,4169 2529,4168 2554,4168 2555,4169 2556,4169 2558,4171 2559,4171 2559,4171 2559,4172 2560,4172 2564,4172 2564,4173 2564,4175 2565,4176 2565,4177 2567,4179 2567,4180 2568,4181 2569,4194 2569,4194 2639,4194 2640,4193 2641,4193 2642,4194 2712,4193 2713,4193 2712,4169 2713,4168 2715,4168 2716,4167 2718,4167 2719,4166 2723,4166 2724,4167 2796,4167 2797,4166 2798,4166 2799,4167 2799,4168 2800,4169 2801,4195 2801,4196 2882,4195 2883,4195 2882,4178 2883,4177 2888,4177 2890,4180 2891,4195 2891,4195 2911,4195 2912,4194 3029,4193 3030,4192 3054,4192 3055,4192 3054,4187 3055,4186 3055,4183 3056,4182 3056,4179 3061,4174 3062,4174 3063,4175 3066,4175 3066,4176 3066,4178 3067,4178 3068,4178 3071,4182 3071,4184 3072,4184 3074,4184 3075,4185 3078,4185 3079,4186 3181,4185 3181,4185 3181,4169 3182,4168 3184,4168 3185,4167 3195,4167 3196,4166 3201,4166 3202,4167 3212,4167 3213,4168 3217,4168 3218,4169 3219,4169 3220,4171 3220,4172 3224,4176 3224,4179 3225,4180 3226,4190 3226,4190 3317,4190 3318,4189 3317,4168 3319,4166 3319,4165 3320,4165 3321,4165 3322,4164 3397,4163 3398,4162 3399,4162 3400,4161 3405,4161 3405,4161 3405,4162 3406,4163 3407,4189 3407,4190 3483,4189 3484,4189 3483,4171 3485,4169 3487,4169 3488,4168 3491,4168 3492,4169 3494,4169 3494,4170 3494,4171 3495,4172 3496,4189 3496,4189 3517,4189 3518,4188 3526,4188 3527,4187 3591,4187 3592,4186 3591,4169 3593,4168 3594,4168 3594,4168 3595,4196 3596,4197 3596,4198 3597,4199 3597,4206 3598,4207 3598,4226 3598,4227 3600,4227 3602,4228 3602,4235 3601,4236 3601,4237 3600,4238 3599,4238 3598,4239 3596,4239 3595,4240 3593,4240 3592,4241 3555,4241 3555,4241 3555,4257 3551,4262 3551,4263 3551,4263 3550,4263 3548,4265 3547,4265 3546,4266 3545,4266 3543,4268 3542,4268 3541,4269 3536,4269 3535,4270"/>
        <TextEquiv index="0">
          <Unicode>ten Bodobrica, Boudobrica, oder Bodobriga</Unicode>
        </TextEquiv>
        <TextEquiv index="1">
          <Unicode>ten Bodobrica, Boudobrica, oder Bodobriga</Unicode>
        </TextEquiv>
      </TextLine>
      <TextLine id="l59">
        <Coords points="2013,4383 2012,4382 2012,4381 2010,4379 1953,4379 1952,4378 1951,4378 1950,4377 1950,4376 1949,4375 1949,4355 1948,4354 1948,4347 1947,4346 1946,4290 1946,4290 1935,4290 1934,4289 1935,4289 1953,4288 1954,4287 1954,4286 1956,4284 1958,4284 1959,4283 1960,4283 1963,4280 1965,4280 1966,4279 1967,4279 1968,4278 2206,4277 2206,4276 2206,4274 2207,4274 2209,4274 2209,4274 2209,4275 2210,4276 2678,4273 2680,4275 3349,4270 3354,4265 3362,4265 3363,4264 3367,4264 3368,4263 3375,4263 3377,4265 3381,4265 3382,4266 3385,4266 3386,4268 3386,4269 3387,4270 3387,4272 3388,4272 3389,4272 3393,4277 3393,4278 3396,4281 3396,4284 3397,4285 3397,4288 3398,4289 3398,4293 3399,4293 3456,4293 3456,4293 3456,4294 3457,4295 3505,4294 3506,4295 3592,4295 3593,4296 3593,4298 3594,4299 3595,4299 3596,4300 3597,4300 3599,4302 3599,4303 3601,4305 3601,4307 3600,4308 3601,4340 3600,4341 3600,4344 3599,4345 3599,4348 3598,4349 3598,4350 3597,4351 3594,4351 3593,4352 3593,4354 3590,4357 3159,4360 3159,4360 3159,4361 3158,4362 3158,4363 3156,4365 3151,4365 3150,4366 3016,4367 3016,4367 3016,4370 3015,4371 2390,4375 2388,4377 2022,4379 2022,4380 2022,4381 2019,4383"/>
        <TextEquiv index="0">
          <Unicode>&#383;ey / und dahero die&#383;en geradbrechten Namen</Unicode>
        </TextEquiv>
        <TextEquiv index="1">
          <Unicode>&#383;ey / und dahero die&#383;en geradbrechten Namen</Unicode>
        </TextEquiv>
      </TextLine>
      <TextLine id="l60">
        <Coords points="2104,4489 2103,4489 2102,4488 2097,4489 2096,4488 2096,4487 2095,4486 2093,4486 2092,4485 2092,4484 2091,4483 2091,4473 2091,4473 2080,4473 2078,4471 1983,4471 1982,4472 1980,4472 1978,4470 1956,4470 1955,4469 1954,4469 1952,4468 1952,4467 1951,4466 1951,4464 1949,4462 1949,4461 1948,4460 1948,4457 1950,4455 1950,4428 1949,4427 1949,4426 1948,4425 1948,4424 1947,4423 1947,4422 1948,4421 1948,4419 1948,4419 1949,4418 1952,4415 1953,4415 1955,4413 2056,4413 2058,4411 2070,4411 2071,4410 2071,4401 2072,4400 2076,4400 2077,4399 2078,4399 2080,4397 2080,4396 2081,4395 2082,4394 2083,4394 2084,4393 2088,4393 2089,4392 2148,4391 2149,4390 2151,4390 2153,4388 2223,4388 2224,4387 2226,4387 2227,4386 2231,4386 2235,4390 2237,4390 2240,4392 2240,4393 2240,4394 2271,4393 2272,4394 2272,4399 2272,4399 2274,4399 2275,4400 2346,4400 2347,4399 2347,4393 2348,4392 2352,4392 2357,4387 2358,4387 2359,4386 2368,4386 2369,4387 2371,4387 2374,4389 2374,4402 2374,4403 2429,4402 2430,4401 2470,4401 2471,4401 2471,4393 2472,4391 2473,4391 2475,4389 2476,4389 2478,4388 2478,4387 2478,4386 2479,4386 2481,4385 2481,4384 2483,4381 2488,4381 2489,4382 2495,4382 2496,4382 2496,4390 2496,4391 2555,4391 2557,4389 2557,4388 2559,4386 2560,4385 2561,4384 2570,4384 2571,4383 2572,4383 2573,4384 2574,4384 2576,4386 2577,4386 2579,4388 2579,4404 2579,4404 2640,4404 2641,4403 2641,4398 2642,4397 2642,4396 2652,4386 2655,4386 2657,4387 2657,4395 2657,4396 2686,4396 2689,4398 2689,4403 2689,4404 2718,4403 2719,4404 2785,4404 2786,4404 2786,4391 2787,4389 2795,4389 2798,4386 2800,4386 2801,4385 2806,4385 2807,4386 2809,4386 2811,4387 2811,4403 2811,4404 2870,4403 2871,4403 2871,4392 2871,4391 2874,4391 2877,4389 2877,4388 2880,4384 2881,4384 2883,4382 2884,4382 2885,4381 2887,4381 2888,4380 2892,4380 2895,4383 2895,4401 2895,4401 2935,4401 2936,4402 2937,4402 2938,4403 2938,4404 2939,4405 2939,4408 2939,4408 3004,4408 3006,4406 3006,4405 3007,4404 3007,4403 3009,4401 3015,4401 3016,4400 3048,4399 3049,4399 3049,4395 3049,4394 3106,4394 3107,4393 3107,4389 3108,4388 3108,4387 3113,4382 3115,4382 3117,4383 3117,4387 3117,4388 3182,4387 3183,4387 3183,4384 3183,4383 3184,4383 3185,4383 3185,4382 3186,4381 3186,4380 3186,4379 3187,4379 3189,4377 3190,4377 3191,4376 3193,4376 3195,4374 3200,4374 3201,4373 3206,4373 3209,4376 3267,4376 3268,4377 3269,4377 3270,4377 3270,4379 3270,4380 3323,4380 3324,4380 3327,4380 3328,4381 3332,4381 3333,4382 3333,4398 3333,4398 3453,4398 3454,4397 3454,4396 3455,4395 3455,4389 3457,4387 3457,4386 3458,4385 3458,4384 3460,4382 3460,4381 3460,4381 3461,4381 3463,4379 3469,4379 3470,4378 3472,4378 3473,4377 3474,4378 3476,4378 3477,4378 3480,4378 3484,4382 3484,4383 3486,4385 3486,4403 3486,4403 3554,4403 3555,4402 3557,4402 3558,4403 3559,4403 3560,4404 3599,4404 3600,4404 3600,4405 3601,4406 3601,4408 3602,4409 3602,4414 3601,4415 3601,4433 3600,4434 3600,4439 3600,4440 3597,4440 3595,4442 3594,4442 3593,4443 3592,4443 3591,4443 3591,4444 3591,4445 3587,4445 3585,4447 3584,4447 3581,4450 3580,4450 3579,4451 3578,4451 3577,4452 3566,4452 3565,4452 3565,4455 3563,4457 3563,4458 3563,4459 3558,4459 3557,4458 3468,4459 3467,4459 3467,4462 3466,4463 3466,4469 3465,4470 3465,4471 3465,4472 3459,4472 3458,4471 3458,4469 3457,4468 3457,4466 3455,4464 3455,4455 3455,4455 3350,4455 3349,4456 3349,4464 3348,4465 3348,4467 3347,4468 3347,4469 3343,4473 3342,4472 3334,4472 3333,4471 3332,4471 3331,4470 3330,4470 3329,4469 3328,4469 3327,4468 3267,4469 3266,4469 3266,4478 3266,4479 3264,4477 3263,4477 3262,4476 3262,4469 3262,4469 3261,4470 3260,4469 3260,4454 3260,4454 3197,4454 3196,4455 3196,4462 3195,4463 3195,4464 3194,4465 3194,4468 3193,4469 3191,4469 3189,4471 3185,4471 3183,4470 3183,4463 3182,4462 3182,4453 3182,4452 3097,4453 3094,4456 3092,4456 3091,4455 3037,4455 3036,4454 2960,4455 2959,4456 2958,4456 2957,4457 2955,4455 2889,4455 2888,4456 2887,4456 2886,4457 2815,4458 2814,4458 2814,4474 2813,4476 2812,4476 2808,4480 2794,4480 2792,4478 2791,4478 2790,4477 2790,4457 2790,4457 2788,4457 2787,4457 2787,4456 2787,4455 2709,4456 2708,4457 2695,4457 2694,4457 2694,4477 2695,4478 2696,4478 2696,4478 2696,4479 2697,4480 2697,4481 2698,4482 2700,4482 2700,4482 2700,4483 2700,4484 2676,4484 2675,4483 2675,4478 2675,4478 2651,4478 2650,4477 2650,4458 2650,4458 2586,4458 2585,4459 2585,4476 2583,4478 2583,4479 2583,4479 2573,4479 2572,4480 2570,4480 2569,4481 2567,4481 2566,4482 2565,4482 2562,4479 2561,4479 2560,4479 2559,4479 2557,4477 2557,4458 2557,4458 2434,4458 2432,4460 2380,4461 2379,4461 2379,4477 2379,4478 2378,4478 2375,4481 2357,4481 2354,4478 2353,4478 2352,4477 2352,4476 2351,4475 2351,4461 2351,4461 2276,4461 2275,4462 2231,4463 2230,4463 2230,4464 2229,4465 2229,4466 2227,4469 2226,4469 2225,4470 2224,4470 2221,4472 2221,4473 2220,4474 2220,4475 2220,4476 2213,4476 2212,4476 2212,4480 2211,4482 2206,4482 2203,4479 2203,4478 2202,4477 2202,4472 2202,4472 2117,4472 2116,4473 2116,4478 2112,4482 2112,4483 2111,4484 2111,4485 2109,4487 2109,4488 2108,4489 2106,4489 2105,4490"/>
        <TextEquiv index="0">
          <Unicode>noch bi&#223; daher behalten habe; und &#383;olcher &#383;on&#11799;</Unicode>
        </TextEquiv>
        <TextEquiv index="1">
          <Unicode>noch bi&#223; daher behalten habe; und &#383;olcher &#383;on&#11799;</Unicode>
        </TextEquiv>
      </TextLine>
      <TextLine id="l61">
        <Coords points="3597,4589 3596,4588 3564,4588 3563,4587 3563,4583 3563,4583 3228,4585 3226,4584 3226,4582 3226,4581 3215,4581 3214,4580 2938,4582 2936,4581 2936,4578 2935,4577 2935,4576 2935,4575 2283,4579 2282,4580 2282,4584 2281,4585 2281,4587 2281,4587 2133,4588 2132,4589 2131,4589 2127,4593 2126,4593 2124,4591 2123,4591 2120,4589 2120,4586 2119,4585 2119,4581 2118,4580 2118,4579 2118,4578 2033,4579 2032,4578 1962,4578 1960,4577 1960,4576 1958,4573 1957,4573 1955,4572 1954,4572 1953,4571 1952,4571 1951,4570 1951,4564 1948,4561 1949,4560 1949,4515 1949,4514 1950,4514 1952,4513 1952,4511 1954,4508 2151,4507 2152,4507 2152,4503 2152,4502 2261,4501 2263,4500 2263,4497 2264,4495 2284,4495 2286,4493 2287,4493 2289,4491 2291,4491 2292,4490 2293,4490 2294,4489 2297,4489 2298,4488 2299,4488 2300,4487 2676,4485 2677,4484 2955,4482 2957,4480 3122,4479 3123,4478 3126,4478 3128,4480 3322,4479 3323,4480 3324,4480 3325,4480 3329,4480 3330,4481 3331,4481 3333,4484 3333,4485 3334,4485 3418,4485 3420,4487 3421,4487 3423,4489 3516,4488 3516,4489 3516,4490 3517,4491 3518,4505 3518,4505 3596,4505 3597,4505 3597,4506 3598,4507 3598,4508 3599,4510 3600,4510 3601,4510 3601,4511 3603,4513 3603,4516 3604,4517 3604,4532 3605,4533 3605,4534 3604,4535 3604,4553 3602,4555 3600,4555 3600,4555 3600,4558 3599,4559 3599,4560 3598,4561 3598,4588 3598,4589"/>
        <TextEquiv index="0">
          <Unicode>ders zweifels eines au&#223; den funfftzig Ca&#383;tellen</Unicode>
        </TextEquiv>
        <TextEquiv index="1">
          <Unicode>ders zweifels eines au&#223; den funfftzig Ca&#383;tellen</Unicode>
        </TextEquiv>
      </TextLine>
      <TextLine id="l62">
        <Coords points="2014,4705 2014,4705 2014,4704 2013,4703 1955,4703 1953,4701 1953,4693 1951,4691 1951,4683 1950,4682 1950,4670 1949,4669 1948,4649 1949,4648 1949,4645 1950,4644 1950,4627 1951,4626 1951,4625 1953,4623 1953,4622 1954,4621 1954,4618 1955,4617 1955,4616 1956,4615 1956,4613 1958,4611 1958,4610 1959,4609 1961,4609 1964,4606 1965,4606 1966,4605 1968,4605 1969,4604 1971,4604 1972,4603 2164,4602 2165,4601 2225,4601 2226,4600 2230,4600 2231,4599 2241,4599 2242,4598 2244,4598 2245,4597 2653,4594 2654,4593 2656,4593 2657,4592 2658,4592 2660,4590 2834,4589 2835,4588 2836,4588 2836,4588 2836,4590 2837,4591 2993,4590 2993,4590 2993,4591 2994,4592 3565,4588 3566,4589 3599,4589 3599,4589 3599,4618 3604,4623 3605,4657 3600,4662 3598,4662 3597,4663 3596,4663 3594,4665 3593,4665 3589,4669 3587,4669 3586,4670 3583,4670 3581,4672 3578,4672 3577,4673 3517,4673 3517,4674 3517,4683 3516,4684 3516,4686 3515,4686 3511,4686 3508,4683 3508,4678 3507,4677 2755,4682 2755,4683 2755,4687 2753,4688 2751,4688 2750,4689 2746,4689 2745,4690 2741,4690 2739,4692 2152,4696 2151,4697 2149,4697 2147,4699 2028,4700 2026,4703 2026,4704 2024,4705"/>
        <TextEquiv index="0">
          <Unicode>&#383;eye / &#383;o Drulus am Rhein erbauet; wie die&#383;es</Unicode>
        </TextEquiv>
        <TextEquiv index="1">
          <Unicode>&#383;eye / &#383;o Drulus am Rhein erbauet; wie die&#383;es</Unicode>
        </TextEquiv>
      </TextLine>
      <TextLine id="l63">
        <Coords points="2090,4809 2089,4807 2089,4806 2088,4805 2088,4804 2087,4803 2086,4793 2086,4793 2076,4793 2075,4792 2015,4792 2014,4793 2013,4793 2012,4794 1981,4794 1979,4796 1978,4796 1978,4793 1978,4792 1954,4792 1953,4792 1953,4791 1952,4790 1952,4789 1951,4788 1951,4787 1950,4786 1950,4785 1950,4784 1949,4785 1948,4784 1948,4783 1947,4782 1947,4779 1949,4777 1949,4744 1950,4744 1951,4743 1952,4742 1952,4741 1953,4740 1954,4740 1955,4739 1957,4739 1958,4738 1978,4738 1980,4736 2055,4736 2056,4735 2069,4735 2069,4734 2069,4722 2070,4721 2072,4721 2073,4720 2074,4720 2076,4718 2076,4717 2076,4717 2079,4717 2081,4715 2085,4715 2086,4714 2086,4713 2086,4713 2088,4713 2090,4715 2094,4715 2096,4716 2096,4733 2097,4734 2100,4734 2104,4737 2156,4737 2162,4731 2189,4731 2190,4730 2191,4730 2195,4725 2260,4724 2261,4724 2261,4720 2262,4719 2262,4718 2263,4717 2263,4716 2264,4714 2265,4714 2268,4712 2268,4711 2268,4710 2269,4710 2270,4709 2272,4709 2274,4711 2274,4716 2275,4717 2276,4717 2277,4718 2284,4718 2285,4719 2285,4721 2286,4722 2332,4722 2333,4723 2376,4723 2377,4724 2428,4723 2429,4723 2429,4707 2429,4706 2430,4706 2433,4703 2435,4703 2437,4701 2439,4701 2440,4700 2457,4700 2458,4700 2458,4699 2459,4697 2460,4698 2460,4699 2460,4699 2483,4699 2485,4701 2486,4701 2487,4701 2487,4720 2487,4721 2546,4721 2548,4719 2551,4719 2552,4720 2595,4719 2596,4719 2596,4710 2596,4709 2598,4711 2598,4712 2598,4712 2602,4712 2603,4713 2603,4720 2603,4720 2672,4720 2674,4718 2674,4715 2675,4714 2675,4713 2676,4712 2676,4710 2679,4707 2679,4706 2680,4705 2681,4705 2684,4702 2685,4702 2686,4701 2689,4701 2690,4700 2690,4699 2690,4699 2692,4699 2693,4698 2697,4698 2698,4697 2699,4697 2700,4698 2701,4698 2705,4702 2706,4702 2707,4702 2707,4722 2707,4723 2758,4722 2760,4720 2786,4720 2787,4720 2787,4711 2788,4710 2788,4709 2790,4707 2790,4706 2792,4703 2793,4703 2794,4702 2798,4702 2799,4701 2800,4701 2801,4702 2802,4702 2803,4702 2803,4712 2803,4713 2828,4713 2830,4714 2830,4715 2831,4716 2831,4719 2831,4720 2863,4720 2865,4722 2907,4721 2908,4722 2960,4722 2963,4719 3020,4718 3021,4718 3021,4707 3022,4706 3022,4704 3023,4703 3023,4702 3023,4701 3025,4701 3026,4702 3027,4702 3029,4704 3029,4719 3029,4719 3072,4719 3074,4717 3076,4717 3077,4718 3077,4719 3077,4719 3156,4719 3157,4718 3165,4718 3166,4717 3166,4702 3167,4701 3175,4700 3176,4699 3178,4699 3179,4698 3186,4698 3187,4697 3188,4697 3190,4699 3190,4700 3190,4700 3197,4700 3201,4704 3270,4704 3271,4703 3272,4703 3274,4701 3277,4701 3278,4700 3284,4700 3286,4702 3287,4702 3289,4703 3289,4713 3289,4714 3333,4713 3334,4714 3335,4714 3336,4715 3336,4720 3336,4720 3384,4720 3385,4719 3386,4719 3387,4720 3450,4720 3451,4719 3451,4716 3452,4715 3452,4713 3453,4712 3453,4710 3454,4709 3456,4709 3457,4708 3457,4707 3458,4706 3459,4706 3462,4703 3462,4702 3463,4701 3465,4699 3466,4699 3468,4697 3469,4697 3470,4696 3472,4696 3473,4695 3476,4695 3477,4694 3490,4693 3492,4695 3500,4695 3503,4698 3503,4700 3503,4700 3515,4700 3516,4701 3518,4701 3520,4703 3520,4704 3521,4705 3523,4705 3524,4706 3524,4709 3526,4711 3526,4719 3526,4719 3564,4719 3565,4720 3566,4720 3567,4720 3567,4721 3568,4722 3568,4723 3570,4725 3570,4730 3571,4731 3598,4731 3599,4732 3599,4733 3600,4734 3600,4737 3601,4738 3602,4738 3602,4738 3602,4739 3601,4740 3601,4756 3601,4757 3599,4757 3598,4757 3598,4760 3597,4761 3597,4763 3596,4765 3595,4765 3594,4766 3589,4766 3588,4766 3588,4768 3587,4770 3584,4770 3580,4774 3578,4774 3577,4775 3558,4775 3557,4775 3557,4776 3556,4777 3556,4778 3556,4779 3508,4779 3505,4782 3503,4782 3502,4783 3498,4783 3497,4784 3488,4784 3487,4783 3486,4783 3485,4782 3479,4782 3478,4781 3477,4782 3476,4781 3476,4780 3476,4780 3473,4780 3470,4777 3469,4777 3467,4775 3415,4775 3413,4777 3412,4777 3411,4778 3409,4778 3408,4779 3407,4779 3406,4778 3406,4777 3406,4777 3383,4777 3382,4776 3328,4776 3327,4777 3303,4778 3302,4778 3302,4788 3301,4789 3301,4792 3300,4794 3297,4794 3296,4795 3293,4795 3292,4796 3291,4796 3290,4795 3289,4795 3288,4794 3285,4794 3282,4791 3282,4789 3281,4788 3281,4777 3281,4777 3216,4777 3215,4778 3214,4778 3213,4779 3212,4779 3210,4777 3180,4777 3178,4775 3150,4776 3149,4775 3075,4775 3074,4776 3017,4777 3016,4778 3015,4778 3013,4776 2975,4776 2973,4774 2972,4774 2971,4773 2971,4772 2970,4771 2970,4770 2970,4770 2917,4770 2916,4771 2916,4772 2915,4773 2914,4773 2913,4774 2913,4776 2911,4778 2904,4778 2903,4778 2903,4777 2903,4776 2851,4777 2850,4778 2849,4778 2848,4777 2820,4777 2819,4776 2755,4776 2753,4778 2752,4778 2750,4776 2698,4777 2697,4778 2696,4778 2694,4780 2693,4780 2689,4783 2689,4784 2687,4787 2682,4787 2681,4787 2681,4792 2679,4795 2676,4795 2675,4794 2674,4794 2673,4793 2673,4778 2673,4778 2629,4778 2628,4777 2584,4777 2581,4774 2570,4774 2569,4775 2569,4786 2569,4786 2568,4786 2568,4775 2568,4774 2522,4775 2520,4777 2482,4777 2481,4778 2449,4778 2448,4779 2447,4779 2446,4780 2445,4780 2444,4780 2444,4779 2444,4778 2380,4779 2379,4779 2379,4780 2379,4781 2375,4781 2374,4782 2279,4782 2278,4783 2277,4782 2222,4783 2219,4785 2219,4786 2219,4787 2217,4787 2216,4788 2215,4787 2154,4787 2153,4788 2109,4788 2108,4789 2108,4798 2107,4799 2107,4800 2106,4801 2107,4802 2106,4803 2106,4805 2105,4805 2101,4806 2099,4808 2096,4808 2095,4809"/>
        <TextEquiv index="0">
          <Unicode>noch an den &#252;berau&#223; alten viereckichten Ge&#11799;</Unicode>
        </TextEquiv>
        <TextEquiv index="1">
          <Unicode>noch an den &#252;berau&#223; alten viereckichten Ge&#11799;</Unicode>
        </TextEquiv>
      </TextLine>
      <TextLine id="l64">
        <Coords points="3235,4905 3234,4904 3226,4904 3224,4902 3221,4902 3218,4900 3218,4898 3217,4897 3217,4886 3217,4885 3201,4885 3200,4884 3077,4885 3076,4886 3076,4901 3075,4902 3075,4903 3074,4904 3072,4904 3070,4906 3067,4906 3064,4904 3064,4888 3064,4887 2946,4888 2945,4888 2945,4891 2945,4892 2943,4892 2941,4891 2941,4890 2940,4889 2940,4887 2940,4886 2879,4886 2878,4886 2878,4884 2878,4883 2770,4884 2769,4885 2769,4892 2769,4892 2768,4892 2768,4884 2768,4883 2705,4884 2704,4885 2596,4885 2595,4885 2595,4884 2595,4883 2502,4884 2501,4885 2406,4886 2405,4887 2404,4887 2403,4887 2403,4888 2402,4890 2323,4890 2319,4887 2319,4886 2318,4884 2317,4884 2316,4884 2316,4883 2315,4882 2315,4881 2314,4880 2314,4879 2314,4878 2235,4879 2234,4879 2234,4882 2233,4883 2233,4884 2232,4885 2232,4886 2231,4887 2231,4888 2230,4889 2230,4892 2229,4893 2229,4894 2227,4896 2227,4897 2227,4898 2225,4898 2223,4896 2222,4896 2221,4895 2106,4895 2105,4896 2103,4897 2102,4898 2077,4898 2076,4899 2026,4899 2025,4900 1967,4900 1966,4901 1963,4901 1962,4902 1959,4899 1958,4899 1956,4897 1955,4897 1951,4894 1951,4893 1948,4890 1948,4869 1949,4868 1949,4847 1950,4846 1950,4841 1952,4839 1952,4832 1953,4831 1953,4828 1955,4825 1957,4825 1961,4821 1962,4821 1963,4820 2020,4820 2023,4817 2024,4817 2025,4818 2030,4818 2033,4820 2033,4821 2034,4822 2034,4838 2034,4839 2109,4838 2111,4836 2112,4836 2113,4835 2149,4835 2150,4835 2150,4818 2150,4817 2151,4818 2151,4835 2151,4835 2157,4835 2159,4837 2159,4839 2160,4840 2240,4840 2241,4839 2241,4838 2242,4837 2242,4836 2244,4834 2244,4833 2245,4832 2245,4831 2246,4830 2246,4829 2247,4828 2247,4825 2248,4824 2248,4823 2251,4820 2251,4818 2251,4818 2255,4818 2256,4818 2256,4819 2257,4820 2257,4822 2258,4823 2258,4829 2258,4829 2414,4828 2415,4828 2415,4823 2416,4822 2416,4821 2418,4819 2418,4818 2418,4817 2420,4817 2422,4815 2489,4815 2490,4814 2495,4814 2496,4814 2496,4817 2496,4818 2497,4818 2498,4819 2500,4819 2502,4821 2503,4821 2504,4821 2504,4822 2504,4823 2514,4823 2517,4825 2517,4826 2517,4827 2636,4826 2637,4825 2638,4825 2640,4827 2728,4826 2729,4826 2729,4825 2729,4824 2731,4824 2732,4824 2732,4815 2732,4814 2753,4814 2754,4814 2754,4807 2754,4806 2755,4807 2755,4812 2755,4812 2776,4812 2777,4813 2777,4818 2779,4820 2782,4820 2784,4822 2787,4822 2789,4824 2803,4824 2805,4826 2834,4826 2835,4827 2916,4826 2918,4825 2918,4823 2919,4821 2920,4821 2921,4821 2921,4819 2923,4816 2929,4816 2930,4815 2932,4815 2933,4815 2933,4812 2933,4811 2934,4811 2935,4811 2935,4804 2936,4802 2937,4802 2938,4801 2978,4801 2979,4800 2981,4800 2982,4799 2997,4799 2998,4800 3002,4800 3003,4801 3006,4801 3007,4802 3008,4802 3010,4803 3010,4804 3010,4805 3089,4804 3090,4803 3095,4803 3097,4804 3097,4805 3098,4806 3098,4807 3100,4810 3108,4810 3110,4811 3110,4826 3110,4827 3238,4826 3240,4824 3242,4824 3243,4825 3288,4825 3289,4825 3289,4826 3289,4827 3382,4826 3383,4826 3383,4814 3384,4813 3384,4812 3385,4810 3386,4810 3388,4812 3390,4812 3391,4813 3391,4828 3391,4828 3477,4828 3478,4827 3478,4824 3479,4823 3479,4820 3480,4819 3480,4818 3481,4817 3481,4816 3482,4814 3484,4814 3485,4813 3489,4813 3490,4814 3490,4819 3490,4819 3491,4819 3493,4821 3494,4821 3495,4822 3496,4822 3498,4824 3501,4824 3503,4826 3594,4826 3595,4826 3595,4827 3598,4830 3598,4831 3600,4833 3600,4852 3600,4853 3603,4853 3604,4853 3604,4858 3603,4859 3603,4863 3602,4864 3601,4864 3601,4864 3601,4878 3601,4879 3598,4879 3597,4879 3597,4883 3592,4889 3590,4889 3589,4888 3586,4888 3584,4886 3584,4885 3584,4885 3532,4885 3531,4884 3530,4884 3529,4883 3488,4883 3487,4882 3464,4883 3463,4883 3463,4890 3463,4891 3462,4890 3462,4883 3462,4883 3378,4883 3376,4885 3257,4886 3255,4887 3255,4890 3252,4893 3252,4894 3248,4899 3248,4900 3248,4900 3246,4900 3243,4903 3242,4903 3241,4904 3237,4904 3236,4905"/>
        <TextEquiv index="0">
          <Unicode>b&#228;uen / und den runden Ve&#383;tungen in den</Unicode>
        </TextEquiv>
        <TextEquiv index="1">
          <Unicode>b&#228;uen / und den runden Ve&#383;tungen in den</Unicode>
        </TextEquiv>
      </TextLine>
      <TextLine id="l65">
        <Coords points="1942,4915 3600,4904 3600,5011 1942,5022"/>
        <TextEquiv index="0">
          <Unicode>Mauren (die doch nicht h&#246;her als die Mau&#11799;</Unicode>
        </TextEquiv>
        <TextEquiv index="1">
          <Unicode>Mauren (die doch nicht h&#246;her als die Mau&#11799;</Unicode>
        </TextEquiv>
      </TextLine>
      <TextLine id="l66">
        <Coords points="2152,5130 2151,5129 2150,5129 2147,5126 2147,5124 2146,5123 2146,5108 2145,5107 2115,5107 2114,5108 2110,5108 2109,5109 2108,5108 2107,5108 2107,5108 2106,5106 2106,5105 2067,5106 2066,5107 2065,5107 2064,5107 2065,5113 2063,5115 2060,5115 2058,5113 1994,5113 1993,5114 1992,5114 1990,5112 1988,5112 1987,5111 1952,5111 1951,5110 1950,5111 1950,5110 1949,5107 1949,5107 1948,5107 1947,5106 1947,5105 1946,5104 1946,5103 1945,5102 1945,5098 1946,5097 1946,5066 1948,5064 1948,5060 1949,5059 1949,5058 1950,5058 1952,5057 1954,5055 1957,5055 1958,5056 1998,5056 1999,5055 2000,5055 2003,5052 2006,5052 2008,5054 2081,5054 2082,5052 2082,5050 2083,5049 2083,5048 2084,5047 2084,5046 2085,5045 2085,5043 2090,5039 2091,5040 2092,5040 2092,5040 2092,5041 2093,5042 2093,5052 2094,5053 2139,5052 2139,5052 2139,5038 2142,5035 2147,5035 2151,5031 2152,5031 2152,5030 2159,5030 2160,5029 2163,5029 2167,5033 2167,5034 2168,5034 2169,5034 2169,5035 2169,5047 2170,5047 2196,5047 2197,5048 2252,5048 2254,5046 2256,5046 2257,5044 2280,5044 2280,5044 2280,5041 2281,5040 2281,5039 2282,5038 2282,5037 2283,5036 2283,5035 2285,5033 2285,5031 2285,5030 2286,5030 2287,5030 2287,5029 2289,5026 2291,5026 2292,5026 2292,5020 2292,5019 2321,5019 2322,5020 2324,5020 2325,5021 2327,5021 2328,5022 2330,5022 2331,5023 2334,5023 2335,5024 2366,5024 2368,5026 2393,5026 2394,5027 2435,5026 2436,5025 2448,5025 2450,5023 2451,5024 2451,5042 2452,5042 2476,5042 2477,5044 2477,5045 2478,5045 2517,5045 2517,5044 2517,5029 2518,5028 2518,5023 2518,5023 2519,5023 2519,5044 2520,5045 2535,5045 2537,5043 2538,5043 2538,5042 2538,5041 2540,5039 2540,5038 2542,5037 2542,5037 2542,5047 2545,5050 2585,5049 2585,5049 2585,5048 2586,5047 2586,5043 2587,5042 2587,5041 2588,5040 2589,5040 2589,5040 2589,5037 2590,5036 2590,5035 2591,5034 2591,5033 2592,5032 2593,5032 2594,5034 2594,5035 2595,5036 2595,5037 2596,5037 2650,5037 2650,5036 2650,5030 2651,5030 2651,5030 2651,5036 2652,5037 2654,5037 2655,5038 2655,5043 2656,5044 2719,5043 2719,5043 2719,5039 2720,5038 2720,5037 2722,5035 2722,5034 2723,5033 2723,5032 2725,5030 2726,5030 2727,5029 2730,5029 2730,5030 2730,5034 2732,5035 2733,5035 2734,5036 2735,5036 2738,5039 2744,5039 2745,5040 2748,5040 2749,5041 2750,5041 2752,5044 2752,5045 2753,5046 2753,5047 2754,5047 2793,5047 2794,5046 2818,5046 2818,5045 2818,5019 2819,5018 2820,5018 2821,5018 2821,5021 2821,5022 2834,5022 2839,5026 2839,5043 2840,5044 2898,5043 2898,5043 2898,5036 2899,5035 2901,5035 2901,5035 2901,5031 2903,5029 2905,5032 2905,5043 2906,5043 2943,5043 2943,5043 2943,5035 2944,5033 2944,5032 2946,5031 2948,5031 2950,5028 2950,5027 2950,5027 2951,5027 2952,5026 2956,5026 2957,5025 2962,5025 2965,5027 2965,5042 2966,5043 3009,5043 3010,5042 3027,5041 3030,5038 3031,5039 3032,5039 3033,5041 3033,5042 3034,5042 3049,5042 3050,5043 3051,5043 3052,5044 3102,5044 3102,5043 3102,5030 3104,5029 3107,5029 3107,5028 3107,5027 3110,5024 3111,5024 3113,5022 3116,5022 3117,5021 3123,5021 3124,5021 3124,5022 3124,5023 3125,5023 3126,5023 3126,5042 3127,5043 3149,5043 3149,5042 3149,5017 3149,5017 3150,5017 3150,5042 3151,5043 3166,5043 3168,5041 3169,5042 3212,5041 3213,5040 3237,5040 3237,5040 3237,5036 3238,5035 3238,5033 3239,5032 3239,5031 3241,5029 3241,5028 3243,5026 3243,5025 3244,5024 3244,5023 3246,5020 3247,5020 3248,5019 3253,5019 3254,5018 3262,5018 3263,5019 3266,5019 3268,5020 3268,5022 3269,5023 3269,5040 3270,5041 3300,5041 3302,5039 3323,5039 3324,5038 3325,5038 3326,5037 3330,5040 3331,5040 3333,5042 3380,5042 3381,5041 3383,5041 3384,5043 3384,5044 3385,5045 3385,5048 3386,5048 3387,5048 3389,5050 3390,5050 3391,5051 3432,5051 3432,5050 3432,5048 3433,5047 3433,5046 3434,5045 3434,5044 3436,5042 3436,5040 3438,5038 3438,5037 3439,5036 3439,5035 3441,5033 3441,5031 3443,5030 3443,5030 3443,5032 3444,5033 3444,5043 3445,5044 3515,5043 3516,5042 3518,5042 3519,5041 3556,5041 3556,5040 3556,5035 3558,5033 3558,5032 3560,5030 3560,5029 3563,5027 3567,5027 3567,5027 3567,5032 3568,5033 3570,5033 3571,5034 3598,5034 3598,5034 3598,5039 3599,5040 3600,5040 3600,5040 3600,5041 3599,5043 3598,5043 3597,5043 3597,5066 3596,5067 3596,5073 3595,5074 3595,5076 3595,5077 3594,5077 3593,5077 3593,5080 3592,5081 3592,5082 3592,5083 3591,5083 3590,5084 3589,5084 3587,5085 3587,5086 3587,5087 3586,5087 3581,5092 3580,5092 3579,5093 3578,5093 3577,5094 3576,5094 3575,5094 3575,5095 3575,5096 3571,5096 3570,5097 3542,5097 3541,5098 3493,5098 3492,5099 3490,5099 3489,5098 3468,5099 3467,5098 3466,5098 3464,5096 3464,5095 3462,5093 3462,5091 3462,5091 3422,5091 3421,5091 3421,5093 3420,5094 3420,5095 3419,5096 3419,5098 3417,5101 3416,5101 3415,5101 3415,5102 3414,5104 3413,5104 3413,5103 3412,5102 3411,5101 3411,5099 3411,5099 3380,5099 3379,5098 3348,5098 3347,5099 3348,5105 3347,5105 3320,5106 3320,5106 3320,5108 3318,5110 3318,5111 3317,5112 3317,5113 3316,5114 3316,5115 3315,5116 3315,5117 3313,5119 3311,5119 3310,5120 3307,5120 3306,5119 3305,5119 3305,5118 3304,5097 3304,5097 3278,5097 3277,5098 3254,5098 3253,5098 3253,5101 3252,5102 3253,5112 3251,5114 3250,5114 3248,5116 3247,5116 3246,5115 3244,5115 3243,5114 3242,5114 3241,5113 3241,5111 3240,5110 3239,5101 3239,5100 3211,5100 3209,5098 3122,5099 3121,5100 3116,5100 3115,5099 3082,5099 3081,5098 3078,5098 3076,5096 3036,5096 3035,5097 3034,5097 3033,5098 3032,5098 3031,5099 3026,5099 3025,5098 2976,5099 2975,5099 2976,5114 2975,5115 2975,5116 2972,5119 2970,5119 2968,5121 2954,5121 2953,5120 2952,5120 2951,5119 2950,5119 2950,5118 2950,5116 2949,5116 2948,5116 2948,5115 2947,5101 2947,5101 2926,5101 2925,5100 2902,5100 2901,5099 2788,5100 2787,5100 2787,5099 2787,5098 2786,5098 2785,5097 2783,5097 2782,5096 2743,5096 2742,5097 2741,5097 2740,5098 2739,5098 2738,5099 2737,5099 2736,5100 2734,5100 2733,5099 2730,5099 2729,5098 2701,5099 2699,5097 2656,5097 2655,5097 2655,5098 2655,5099 2652,5099 2651,5100 2624,5100 2623,5101 2622,5101 2622,5100 2620,5098 2620,5096 2617,5093 2617,5092 2617,5091 2616,5091 2615,5091 2615,5076 2615,5075 2579,5075 2576,5078 2576,5082 2575,5083 2575,5085 2574,5086 2574,5087 2574,5087 2573,5087 2572,5088 2572,5091 2571,5092 2571,5093 2570,5094 2570,5101 2568,5103 2568,5104 2567,5106 2567,5107 2566,5107 2565,5107 2564,5106 2563,5102 2563,5101 2538,5102 2537,5101 2512,5101 2511,5100 2452,5100 2450,5102 2448,5102 2447,5103 2446,5103 2445,5102 2406,5103 2405,5103 2406,5118 2403,5121 2402,5121 2401,5122 2400,5122 2398,5124 2396,5124 2395,5125 2386,5125 2385,5126 2384,5125 2381,5125 2381,5124 2381,5120 2379,5118 2379,5115 2378,5115 2362,5115 2362,5114 2361,5103 2361,5103 2347,5103 2346,5103 2346,5104 2346,5105 2342,5105 2341,5106 2338,5106 2337,5105 2331,5105 2330,5104 2329,5104 2328,5103 2327,5103 2326,5102 2287,5102 2286,5103 2283,5103 2281,5101 2225,5102 2224,5102 2224,5103 2223,5105 2220,5105 2219,5106 2218,5106 2217,5105 2216,5105 2215,5104 2174,5104 2173,5105 2174,5123 2173,5123 2172,5123 2171,5125 2171,5126 2170,5127 2170,5130 2169,5130"/>
        <TextEquiv index="0">
          <Unicode>ren / ohne Th&#252;rn / und obenher eben &#383;eyn / und</Unicode>
        </TextEquiv>
        <TextEquiv index="1">
          <Unicode>ren / ohne Th&#252;rn / und obenher eben &#383;eyn / und</Unicode>
        </TextEquiv>
      </TextLine>
      <TextLine id="l67">
        <Coords points="3584,5227 3273,5229 3272,5228 2693,5232 2692,5231 2692,5230 2692,5230 2071,5234 2068,5231 2068,5230 2067,5229 2067,5228 2066,5227 2066,5226 2065,5225 2065,5221 2065,5221 1997,5221 1996,5220 1959,5220 1958,5219 1956,5219 1954,5217 1953,5217 1952,5217 1952,5216 1951,5215 1951,5214 1950,5213 1948,5213 1946,5211 1946,5210 1945,5209 1945,5198 1946,5197 1946,5186 1947,5185 1947,5156 1948,5155 1948,5153 1948,5153 1949,5153 1950,5152 1953,5151 1954,5150 1956,5150 1957,5150 1957,5148 1958,5147 1958,5146 1958,5145 2203,5144 2204,5143 2204,5142 2206,5140 2207,5140 2209,5138 2212,5138 2213,5137 2237,5137 2238,5136 2240,5136 2241,5135 2359,5134 2360,5133 2537,5132 2538,5131 2538,5127 2538,5127 2539,5127 2539,5129 2539,5130 3203,5125 3204,5126 3514,5124 3515,5125 3517,5125 3521,5129 3521,5143 3521,5143 3535,5143 3537,5145 3541,5145 3542,5146 3559,5146 3560,5146 3560,5148 3560,5149 3594,5149 3595,5149 3595,5151 3596,5152 3594,5154 3594,5176 3593,5177 3593,5182 3592,5183 3592,5184 3591,5185 3591,5186 3590,5187 3590,5188 3590,5189 3588,5189 3587,5189 3587,5226 3586,5227 3586,5228 3586,5229"/>
        <TextEquiv index="0">
          <Unicode>darzu alle gleich weit voneinander &#383;tehen) kl&#228;r&#11799;</Unicode>
        </TextEquiv>
        <TextEquiv index="1">
          <Unicode>darzu alle gleich weit voneinander &#383;tehen) kl&#228;r&#11799;</Unicode>
        </TextEquiv>
      </TextLine>
      <TextLine id="l68">
        <Coords points="2076,5348 2075,5347 2075,5345 2075,5345 2050,5345 2049,5344 2048,5344 2045,5341 2045,5339 2044,5338 2044,5330 2043,5330 1979,5330 1978,5329 1977,5329 1976,5328 1954,5328 1953,5327 1953,5326 1950,5323 1950,5322 1949,5321 1949,5320 1948,5319 1948,5298 1949,5297 1949,5282 1950,5281 1950,5263 1952,5261 1951,5260 1952,5259 1953,5259 1954,5258 1955,5258 1964,5249 2044,5249 2045,5248 2049,5248 2050,5249 2051,5249 2052,5250 2052,5252 2053,5253 2054,5253 2054,5253 2055,5261 2055,5262 2184,5261 2185,5260 2184,5259 2185,5259 2186,5259 2186,5258 2186,5253 2187,5252 2187,5251 2188,5250 2188,5249 2194,5244 2196,5244 2197,5243 2198,5243 2200,5241 2205,5241 2207,5239 2209,5239 2210,5240 2211,5240 2213,5242 2266,5241 2267,5242 2270,5242 2271,5243 2272,5243 2273,5245 2273,5259 2274,5259 2358,5259 2363,5264 2364,5264 2369,5268 2369,5289 2369,5290 2381,5290 2383,5291 2383,5292 2385,5294 2385,5295 2386,5296 2388,5299 2389,5299 2390,5300 2391,5300 2394,5302 2394,5305 2391,5308 2390,5308 2389,5309 2388,5309 2387,5310 2386,5310 2385,5311 2385,5312 2384,5313 2384,5314 2383,5315 2382,5315 2381,5316 2363,5316 2362,5317 2361,5317 2360,5318 2359,5318 2357,5320 2278,5320 2278,5321 2278,5336 2277,5337 2277,5338 2275,5340 2272,5340 2271,5341 2267,5341 2266,5342 2263,5342 2262,5343 2260,5343 2256,5340 2256,5339 2256,5339 2253,5339 2252,5338 2106,5338 2105,5339 2105,5347 2105,5347"/>
        <TextEquiv index="0">
          <Unicode>lich zu &#383;ehen.</Unicode>
        </TextEquiv>
        <TextEquiv index="1">
          <Unicode>lich zu &#383;ehen.</Unicode>
        </TextEquiv>
      </TextLine>
      <TextLine id="l69">
        <Coords points="2121,5452 2120,5451 2120,5432 2119,5431 2060,5432 2059,5431 2048,5431 2047,5429 2047,5428 2046,5427 2046,5426 2045,5425 2045,5422 2044,5421 2044,5416 2045,5415 2046,5415 2047,5414 2049,5414 2050,5413 2051,5413 2052,5412 2053,5412 2053,5411 2053,5372 2055,5370 2055,5369 2056,5368 2056,5366 2059,5363 2059,5362 2060,5361 2060,5360 2061,5359 2061,5358 2067,5353 2068,5353 2069,5351 2069,5350 2070,5350 2071,5350 2073,5348 2334,5346 2336,5344 2339,5344 2340,5343 2341,5344 2345,5344 2348,5347 2604,5345 2605,5344 2606,5344 2606,5344 2606,5340 2607,5339 2800,5338 2800,5337 2800,5331 2800,5331 2801,5331 2801,5332 2801,5333 2825,5333 2827,5334 2827,5339 2828,5340 3102,5338 3102,5337 3102,5332 3102,5332 3103,5332 3105,5330 3171,5330 3172,5329 3173,5329 3174,5329 3174,5330 3175,5331 3175,5332 3176,5333 3176,5339 3177,5339 3200,5339 3200,5339 3200,5314 3200,5313 3203,5313 3204,5314 3204,5339 3205,5339 3431,5338 3432,5337 3596,5336 3596,5335 3596,5334 3597,5334 3598,5335 3598,5336 3599,5337 3599,5338 3599,5339 3596,5339 3595,5339 3595,5342 3594,5343 3594,5386 3593,5387 3593,5397 3593,5398 3591,5398 3586,5403 3584,5403 3582,5404 3582,5405 3582,5406 3578,5406 3576,5408 3575,5408 3574,5409 3572,5409 3570,5411 3569,5411 3567,5413 3566,5413 3565,5414 3553,5414 3553,5415 3553,5416 3550,5418 3549,5418 3548,5419 3547,5419 3546,5420 3487,5420 3485,5422 3429,5423 3429,5423 3429,5432 3428,5433 3426,5433 3424,5435 3220,5436 3220,5437 3220,5440 3219,5440 3204,5440 3203,5441 3197,5441 3196,5440 3196,5439 3194,5437 3194,5428 3193,5427 3134,5428 3132,5425 3132,5419 3131,5419 2885,5420 2884,5421 2844,5422 2843,5423 2842,5423 2841,5424 2832,5424 2830,5426 2679,5427 2679,5427 2679,5436 2678,5437 2629,5437 2629,5438 2629,5439 2626,5441 2621,5441 2619,5443 2613,5443 2612,5442 2611,5442 2610,5441 2610,5439 2608,5437 2608,5429 2607,5428 2362,5430 2361,5431 2360,5431 2359,5432 2352,5432 2352,5432 2352,5443 2350,5445 2348,5445 2347,5446 2124,5447 2124,5448 2124,5451 2122,5452"/>
        <TextEquiv index="0">
          <Unicode>Kai&#383;er Heinrich der Siebende / hat die&#383;e lu&#11799;</Unicode>
        </TextEquiv>
        <TextEquiv index="1">
          <Unicode>Kai&#383;er Heinrich der Siebende / hat die&#383;e lu&#11799;</Unicode>
        </TextEquiv>
      </TextLine>
      <TextLine id="l70">
        <Coords points="1945,5563 1943,5561 1943,5539 1942,5538 1942,5512 1941,5511 1941,5499 1942,5498 1942,5495 1943,5494 1943,5492 1944,5491 1944,5485 1946,5483 1946,5481 1947,5480 1947,5478 1948,5477 1948,5476 1949,5475 1949,5474 1951,5472 1951,5471 1952,5469 1953,5469 1954,5469 1954,5467 1956,5464 1960,5464 1961,5463 1963,5463 1966,5460 1967,5460 1968,5459 2485,5456 2486,5455 2811,5453 2812,5452 2816,5452 2817,5451 2819,5451 2820,5450 2903,5449 2906,5446 2908,5446 2909,5445 2911,5445 2912,5444 2916,5444 2917,5444 2917,5443 2917,5442 2918,5442 2919,5443 2919,5445 2919,5445 2948,5445 2950,5447 3241,5445 3242,5446 3497,5444 3498,5445 3507,5445 3509,5447 3512,5447 3514,5449 3557,5449 3561,5452 3561,5454 3562,5455 3562,5471 3562,5472 3590,5472 3591,5472 3591,5476 3592,5477 3592,5505 3590,5508 3588,5508 3587,5509 3585,5509 3584,5510 3582,5510 3581,5510 3581,5511 3581,5512 3579,5512 3576,5514 3576,5515 3576,5516 3575,5516 3574,5517 3572,5517 3571,5517 3571,5518 3570,5520 3568,5520 3567,5520 3567,5521 3566,5523 3553,5523 3550,5526 3550,5527 3548,5529 3494,5529 3493,5530 3493,5544 3493,5544 3492,5544 3491,5545 3374,5546 3372,5548 2645,5553 2644,5553 2644,5557 2644,5558"/>
        <TextEquiv index="0">
          <Unicode>&#383;tige / und vorhin gewe&#383;te Reichs&#11799;Stadt / &#383;ei&#11799;</Unicode>
        </TextEquiv>
        <TextEquiv index="1">
          <Unicode>&#383;tige / und vorhin gewe&#383;te Reichs&#11799;Stadt / &#383;ei&#11799;</Unicode>
        </TextEquiv>
      </TextLine>
      <TextLine id="l71">
        <Coords points="3517,5651 3515,5649 3342,5650 3341,5650 3341,5649 3341,5648 3270,5649 3269,5648 3261,5648 3259,5646 3258,5646 3256,5644 3185,5644 3184,5643 3087,5644 3086,5643 3084,5643 3083,5642 3081,5642 3080,5642 3080,5641 3079,5640 3079,5639 3078,5638 2193,5644 2192,5645 2079,5646 2078,5647 2077,5647 2076,5648 2054,5648 2052,5650 1969,5650 1968,5650 1968,5648 1968,5647 1946,5648 1945,5647 1944,5647 1937,5640 1937,5639 1936,5638 1936,5600 1937,5599 1937,5598 1938,5597 1938,5596 1938,5596 1939,5596 1941,5594 1943,5594 1947,5590 2026,5589 2027,5588 2050,5588 2051,5587 2072,5587 2073,5586 2074,5586 2075,5585 2130,5584 2131,5584 2131,5583 2132,5582 2132,5581 2133,5580 2133,5578 2134,5577 2134,5576 2136,5574 2136,5573 2137,5571 2138,5571 2142,5567 2144,5567 2145,5566 2148,5566 2150,5564 2160,5564 2161,5563 2496,5561 2496,5560 2496,5557 2497,5557 2967,5554 2968,5553 2990,5553 2991,5552 2993,5552 2994,5551 3101,5550 3102,5549 3103,5549 3104,5550 3397,5548 3398,5549 3399,5549 3400,5550 3403,5550 3405,5552 3406,5570 3406,5571 3524,5570 3527,5573 3527,5574 3527,5574 3583,5574 3585,5575 3585,5576 3586,5578 3590,5578 3591,5578 3591,5580 3592,5581 3592,5584 3593,5585 3593,5622 3594,5623 3593,5624 3593,5625 3592,5626 3591,5626 3590,5627 3589,5627 3588,5628 3587,5628 3579,5636 3576,5636 3575,5637 3532,5637 3532,5638 3532,5639 3531,5640 3531,5641 3530,5642 3530,5645 3530,5645 3529,5645 3527,5647 3525,5647 3523,5649 3522,5649 3521,5650 3520,5650 3519,5651"/>
        <TextEquiv index="0">
          <Unicode>nem Bruder Balduino, Ertzbi&#383;choffen zu</Unicode>
        </TextEquiv>
        <TextEquiv index="1">
          <Unicode>nem Bruder Balduino, Ertzbi&#383;choffen zu</Unicode>
        </TextEquiv>
      </TextLine>
      <TextLine id="l72">
        <Coords points="1959,5781 1959,5781 1959,5751 1958,5750 1957,5750 1956,5749 1955,5749 1954,5748 1948,5749 1947,5748 1944,5748 1943,5746 1943,5745 1942,5744 1941,5708 1939,5706 1939,5704 1940,5703 1940,5693 1941,5692 1941,5690 1942,5689 1942,5688 1943,5688 1944,5688 1947,5685 1948,5685 1949,5683 1949,5682 1953,5678 1953,5676 1954,5675 1956,5675 1957,5674 1964,5674 1964,5674 1964,5673 1965,5672 1981,5672 1982,5671 2324,5669 2325,5668 2327,5668 2328,5667 2334,5667 2335,5666 2658,5664 2658,5663 2658,5661 2660,5660 2661,5660 2662,5661 2963,5659 2964,5660 2969,5660 2970,5661 2975,5661 2976,5662 2979,5662 2980,5663 3087,5662 3088,5663 3090,5663 3091,5664 3558,5661 3559,5662 3560,5662 3560,5662 3560,5686 3561,5687 3588,5687 3591,5690 3592,5718 3589,5721 3587,5721 3586,5722 3584,5722 3583,5723 3583,5724 3582,5725 3578,5725 3577,5726 3576,5726 3574,5728 3569,5728 3568,5729 3568,5731 3567,5732 3566,5732 3563,5735 3551,5735 3550,5736 3549,5736 3549,5737 3549,5738 3547,5739 3545,5739 3543,5741 3376,5742 3376,5743 3376,5744 3375,5744 3374,5744 3374,5745 3374,5746 3371,5748 3370,5748 3369,5749 3364,5749 3363,5750 3362,5750 3362,5751 3362,5751 3593,5750 3594,5750 3592,5752 3591,5751 3091,5754 3091,5755 3091,5757 3089,5758 3086,5758 3085,5759 3081,5759 3078,5762 3076,5762 3075,5761 2255,5767 2255,5767 2255,5773 2254,5774 2123,5774 2123,5775 2123,5777 2122,5777 2044,5778 2043,5779 1963,5779 1961,5781"/>
        <TextEquiv index="0">
          <Unicode>Trier / ver&#383;etzt / welcher / als &#383;ie ihme nicht wol&#11799;</Unicode>
        </TextEquiv>
        <TextEquiv index="1">
          <Unicode>Trier / ver&#383;etzt / welcher / als &#383;ie ihme nicht wol&#11799;</Unicode>
        </TextEquiv>
      </TextLine>
      <TextLine id="l73">
        <Coords points="1996,5890 1995,5867 1995,5866 1979,5866 1978,5865 1945,5866 1943,5864 1943,5863 1942,5862 1942,5861 1942,5861 1941,5861 1939,5859 1939,5857 1938,5856 1938,5820 1937,5819 1937,5817 1938,5817 1939,5817 1941,5814 1941,5813 1943,5811 1943,5810 1944,5809 1944,5808 1946,5807 1947,5807 1947,5806 1947,5805 1950,5802 1950,5801 1951,5801 1953,5801 1954,5799 1957,5799 1957,5799 1957,5797 1958,5796 1959,5796 1959,5796 1960,5795 1960,5794 1961,5792 1962,5792 1963,5793 1963,5803 1964,5803 1994,5803 1995,5804 2038,5804 2039,5803 2084,5803 2085,5802 2094,5802 2094,5801 2094,5790 2094,5790 2095,5790 2096,5789 2101,5789 2103,5787 2103,5786 2103,5786 2104,5786 2106,5783 2108,5783 2109,5783 2109,5782 2109,5781 2115,5781 2116,5781 2116,5779 2116,5778 2120,5778 2121,5777 2122,5777 2123,5778 2123,5784 2124,5785 2124,5789 2125,5790 2125,5802 2126,5802 2186,5802 2186,5801 2186,5800 2189,5798 2190,5798 2192,5795 2192,5790 2192,5790 2221,5790 2223,5788 2223,5786 2225,5784 2225,5783 2226,5782 2226,5781 2227,5780 2228,5780 2231,5777 2234,5777 2235,5776 2236,5776 2237,5775 2247,5775 2250,5778 2251,5778 2255,5781 2255,5790 2256,5791 2256,5797 2257,5798 2321,5797 2321,5797 2321,5795 2321,5794 2361,5794 2362,5793 2362,5782 2362,5782 2389,5782 2391,5780 2391,5779 2392,5778 2393,5778 2396,5775 2399,5775 2400,5774 2408,5774 2409,5773 2415,5778 2415,5779 2417,5781 2417,5795 2418,5795 2449,5795 2450,5796 2473,5796 2474,5797 2505,5797 2506,5798 2556,5798 2556,5797 2556,5778 2556,5778 2557,5778 2557,5780 2557,5781 2588,5780 2589,5781 2589,5782 2589,5782 2630,5782 2632,5781 2632,5777 2632,5776 2633,5776 2634,5777 2638,5777 2639,5778 2640,5778 2642,5779 2642,5781 2643,5782 2643,5792 2643,5793 2684,5793 2685,5792 2685,5783 2687,5781 2687,5780 2689,5778 2689,5777 2689,5777 2690,5777 2691,5776 2698,5776 2699,5775 2701,5775 2702,5776 2744,5775 2745,5774 2751,5774 2752,5773 2776,5773 2777,5772 2778,5772 2779,5771 2782,5771 2783,5770 2785,5770 2787,5772 2788,5772 2789,5773 2789,5789 2789,5789 2830,5789 2831,5788 2831,5779 2831,5779 2834,5779 2835,5778 2835,5774 2835,5774 2849,5774 2850,5773 2850,5768 2850,5768 2852,5768 2853,5767 2853,5763 2854,5762 2855,5763 2860,5763 2862,5764 2862,5768 2862,5769 2864,5769 2865,5769 2865,5776 2865,5777 2869,5777 2870,5777 2870,5787 2870,5787 2890,5787 2891,5788 2891,5789 2891,5789 2935,5789 2936,5788 2939,5788 2940,5788 2940,5778 2941,5777 2941,5774 2941,5773 2942,5773 2943,5772 2944,5772 2945,5773 2946,5773 2947,5773 2947,5780 2947,5781 2973,5781 2976,5783 2976,5785 2976,5786 3021,5786 3022,5785 3048,5784 3049,5785 3067,5785 3068,5786 3075,5786 3076,5787 3076,5789 3076,5789 3123,5789 3125,5787 3125,5784 3126,5783 3126,5782 3128,5780 3128,5778 3129,5777 3129,5776 3131,5774 3131,5773 3134,5770 3135,5770 3137,5768 3139,5768 3141,5766 3141,5765 3142,5764 3166,5764 3167,5763 3169,5763 3170,5762 3175,5762 3179,5765 3181,5765 3183,5767 3183,5768 3184,5769 3184,5783 3184,5783 3205,5783 3207,5785 3207,5786 3208,5787 3245,5787 3246,5788 3246,5789 3246,5789 3303,5789 3304,5788 3304,5785 3306,5783 3306,5781 3307,5780 3307,5778 3310,5775 3310,5774 3310,5774 3311,5774 3313,5772 3313,5771 3315,5769 3315,5767 3317,5765 3318,5765 3319,5764 3324,5764 3326,5762 3341,5761 3342,5760 3355,5760 3356,5761 3357,5761 3358,5762 3358,5766 3358,5766 3373,5766 3375,5768 3376,5768 3379,5771 3379,5772 3380,5773 3382,5773 3385,5776 3385,5788 3385,5788 3432,5788 3435,5785 3439,5785 3440,5784 3441,5784 3442,5785 3443,5785 3444,5786 3460,5786 3462,5788 3480,5788 3482,5789 3540,5789 3541,5789 3541,5779 3543,5776 3544,5776 3545,5775 3546,5775 3553,5768 3556,5768 3558,5770 3559,5770 3561,5771 3561,5773 3561,5774 3591,5774 3593,5775 3593,5776 3593,5777 3594,5777 3595,5777 3595,5788 3595,5789 3598,5789 3599,5789 3599,5841 3600,5842 3602,5842 3602,5842 3602,5843 3601,5843 3600,5843 3600,5848 3600,5849 3599,5849 3598,5848 3598,5847 3598,5847 3593,5847 3592,5846 3526,5846 3525,5847 3525,5848 3525,5848 3523,5848 3522,5849 3522,5851 3521,5852 3521,5853 3520,5854 3520,5855 3520,5855 3518,5855 3517,5856 3517,5858 3517,5858 3516,5859 3515,5859 3514,5860 3513,5860 3512,5859 3509,5859 3508,5859 3508,5853 3508,5852 3500,5852 3498,5851 3498,5846 3498,5845 3407,5846 3406,5847 3365,5847 3364,5848 3364,5849 3364,5849 3362,5849 3361,5850 3359,5850 3358,5851 3357,5851 3355,5853 3343,5853 3342,5852 3339,5852 3338,5851 3330,5851 3329,5851 3329,5850 3328,5849 3327,5849 3325,5847 3325,5845 3325,5845 3320,5845 3319,5844 3318,5844 3317,5843 3274,5843 3272,5844 3272,5845 3272,5846 3271,5846 3270,5847 3269,5847 3268,5848 3244,5848 3243,5849 3241,5849 3238,5847 3238,5846 3237,5845 3237,5844 3236,5842 3194,5842 3192,5844 3169,5845 3168,5845 3168,5851 3167,5853 3163,5853 3162,5853 3162,5861 3161,5862 3161,5863 3160,5865 3158,5865 3157,5866 3130,5866 3129,5867 3127,5867 3126,5868 3124,5866 3124,5865 3122,5863 3122,5848 3122,5848 3088,5848 3085,5845 3033,5845 3032,5846 3032,5848 3031,5849 3031,5851 3028,5854 3028,5858 3026,5860 3026,5861 3025,5862 3023,5862 3022,5864 3018,5864 3017,5865 3014,5865 3013,5866 3001,5866 3000,5865 2998,5865 2997,5864 2995,5864 2992,5861 2991,5861 2990,5860 2990,5859 2989,5858 2989,5846 2989,5846 2962,5846 2960,5844 2915,5844 2914,5845 2912,5845 2911,5846 2910,5846 2908,5848 2904,5848 2903,5849 2903,5851 2903,5851 2866,5852 2865,5852 2866,5871 2865,5872 2860,5872 2859,5873 2855,5873 2855,5872 2854,5847 2854,5847 2790,5847 2789,5848 2790,5871 2789,5871 2767,5871 2766,5872 2763,5872 2763,5872 2762,5851 2762,5850 2721,5850 2720,5851 2695,5852 2694,5852 2694,5853 2693,5854 2693,5862 2688,5868 2687,5868 2685,5866 2685,5865 2684,5864 2684,5856 2683,5855 2683,5852 2683,5852 2632,5852 2631,5853 2629,5853 2628,5854 2627,5853 2572,5853 2571,5854 2572,5873 2571,5873 2571,5873 2570,5862 2570,5861 2545,5862 2544,5861 2544,5858 2544,5858 2472,5858 2466,5864 2466,5866 2464,5868 2464,5869 2464,5869 2462,5869 2461,5870 2462,5871 2456,5876 2455,5876 2454,5877 2453,5877 2452,5876 2451,5876 2449,5874 2449,5873 2448,5872 2447,5857 2447,5856 2398,5857 2397,5857 2397,5858 2396,5859 2396,5868 2395,5870 2388,5870 2387,5871 2385,5871 2383,5869 2383,5859 2383,5859 2372,5859 2371,5859 2372,5879 2371,5880 2364,5880 2364,5879 2363,5859 2363,5859 2348,5859 2347,5858 2303,5858 2302,5859 2303,5874 2302,5874 2297,5874 2297,5875 2297,5880 2296,5880 2294,5880 2294,5880 2293,5858 2293,5857 2278,5857 2277,5856 2236,5857 2235,5857 2235,5861 2234,5862 2234,5865 2233,5866 2233,5869 2233,5870 2232,5870 2231,5870 2232,5871 2230,5873 2199,5873 2199,5873 2199,5882 2198,5883 2185,5883 2185,5882 2184,5861 2184,5861 2170,5861 2169,5860 2128,5860 2127,5861 2128,5885 2127,5885 2126,5885 2126,5885 2126,5883 2125,5882 2108,5882 2107,5881 2105,5882 2104,5881 2095,5881 2094,5879 2093,5871 2093,5871 2052,5871 2051,5871 2052,5872 2050,5874 2050,5877 2048,5879 2046,5879 2044,5881 2043,5881 2042,5882 2041,5882 2040,5883 2039,5883 2038,5884 2036,5884 2035,5885 2026,5885 2025,5884 2024,5884 2023,5883 2022,5883 2017,5878 2017,5877 2015,5875 2015,5873 2013,5872 2013,5867 2013,5866 1997,5866 1996,5867 1997,5890 1996,5890"/>
        <TextEquiv index="0">
          <Unicode>te gehor&#383;am &#383;eyn / die&#383;elbe mit gro&#383;&#383;em Gewalt</Unicode>
        </TextEquiv>
        <TextEquiv index="1">
          <Unicode>te gehor&#383;am &#383;eyn / die&#383;elbe mit gro&#383;&#383;em Gewalt</Unicode>
        </TextEquiv>
      </TextLine>
      <TextLine id="l74">
        <Coords points="2038,5992 2037,5991 2033,5991 2031,5989 2031,5988 2030,5987 2029,5987 2026,5985 2026,5982 2025,5981 2025,5974 2025,5973 2015,5973 2014,5972 1947,5973 1946,5972 1943,5972 1938,5967 1938,5966 1937,5965 1937,5964 1936,5963 1936,5962 1935,5961 1935,5953 1934,5952 1934,5950 1935,5949 1935,5944 1936,5943 1936,5941 1937,5940 1937,5938 1938,5937 1938,5936 1939,5935 1939,5934 1940,5933 1940,5932 1942,5930 1942,5929 1944,5927 1944,5926 1950,5920 1950,5919 1952,5917 1952,5916 1952,5916 1984,5915 1985,5914 1986,5914 1987,5914 1987,5913 1987,5912 1991,5912 1992,5912 1992,5909 1992,5908 1995,5908 1996,5908 1996,5891 1996,5890 2100,5890 2101,5889 2101,5887 2101,5887 2159,5886 2160,5885 2176,5885 2177,5884 2182,5884 2183,5883 2200,5883 2202,5884 2202,5885 2204,5887 2204,5904 2204,5905 2293,5904 2294,5904 2294,5884 2295,5883 2295,5881 2295,5880 2296,5880 2297,5881 2297,5884 2297,5884 2299,5884 2300,5885 2300,5904 2300,5904 2320,5904 2322,5903 2322,5902 2323,5901 2323,5900 2324,5899 2324,5897 2325,5895 2389,5895 2391,5893 2391,5892 2391,5892 2392,5892 2394,5890 2396,5890 2397,5889 2448,5888 2449,5887 2527,5887 2528,5886 2528,5885 2531,5882 2533,5882 2535,5880 2544,5880 2545,5879 2548,5879 2549,5878 2550,5878 2551,5879 2561,5879 2562,5880 2616,5879 2617,5880 2620,5880 2621,5881 2626,5881 2627,5882 2629,5882 2631,5884 2631,5885 2632,5886 2632,5897 2632,5897 2759,5896 2760,5896 2760,5876 2760,5875 2763,5875 2764,5875 2764,5873 2764,5872 2765,5872 2766,5873 2766,5890 2766,5890 2852,5890 2853,5889 2853,5883 2854,5882 2854,5881 2855,5880 2855,5873 2855,5873 2859,5873 2860,5872 2865,5872 2866,5872 2866,5875 2866,5876 2871,5875 2872,5876 2910,5876 2911,5877 2911,5898 2911,5898 2994,5898 2995,5897 3007,5897 3008,5896 3008,5885 3009,5884 3013,5884 3014,5883 3014,5882 3014,5882 3015,5882 3016,5881 3017,5881 3018,5880 3019,5880 3020,5879 3021,5879 3022,5878 3024,5877 3025,5878 3028,5878 3030,5880 3030,5881 3031,5882 3031,5895 3031,5895 3183,5894 3185,5893 3185,5892 3186,5891 3186,5890 3187,5889 3187,5888 3188,5886 3189,5886 3190,5887 3191,5887 3193,5889 3193,5895 3193,5895 3298,5895 3299,5894 3335,5893 3336,5893 3336,5891 3337,5890 3337,5888 3337,5887 3338,5887 3339,5886 3340,5886 3343,5883 3344,5883 3346,5881 3347,5882 3347,5888 3347,5888 3350,5888 3352,5890 3352,5891 3352,5891 3354,5891 3355,5892 3357,5892 3358,5893 3449,5893 3450,5892 3450,5884 3451,5883 3451,5879 3453,5877 3455,5877 3458,5879 3458,5883 3459,5884 3459,5890 3459,5891 3530,5890 3531,5891 3574,5891 3577,5894 3578,5894 3579,5895 3580,5895 3581,5895 3581,5896 3581,5897 3582,5897 3583,5898 3584,5898 3585,5898 3585,5899 3586,5900 3586,5967 3587,5968 3593,5968 3593,5967 3593,5966 3595,5965 3598,5965 3598,5965 3598,5968 3597,5970 3596,5970 3595,5971 3590,5971 3589,5971 3589,5973 3589,5974 3587,5974 3586,5973 3586,5970 3585,5969 3585,5940 3584,5940 3584,5940 3584,5943 3582,5945 3582,5946 3581,5948 3580,5948 3579,5948 3579,5950 3579,5951 3576,5951 3575,5952 3571,5952 3570,5951 3568,5951 3567,5950 3504,5950 3503,5951 3503,5970 3502,5971 3501,5971 3500,5971 3500,5950 3500,5949 3444,5950 3443,5951 3417,5951 3416,5952 3352,5952 3351,5953 3247,5954 3246,5953 3166,5954 3165,5954 3165,5955 3164,5956 3164,5958 3163,5959 3163,5960 3163,5961 3162,5961 3161,5960 3160,5960 3157,5957 3157,5954 3157,5954 3049,5954 3048,5955 3048,5963 3047,5964 3047,5967 3047,5967 3045,5967 3042,5970 3041,5970 3040,5971 3033,5971 3031,5970 3031,5969 3031,5968 3029,5968 3028,5968 3028,5954 3028,5953 2948,5954 2947,5955 2905,5955 2904,5956 2903,5955 2812,5956 2811,5956 2811,5964 2811,5965 2774,5965 2769,5970 2769,5971 2768,5972 2767,5972 2764,5975 2762,5975 2761,5974 2760,5974 2758,5973 2758,5971 2757,5970 2757,5967 2756,5966 2756,5963 2755,5962 2755,5959 2755,5958 2666,5959 2665,5960 2639,5960 2638,5961 2638,5975 2636,5977 2636,5978 2632,5982 2628,5982 2627,5983 2619,5983 2618,5984 2617,5984 2616,5983 2615,5983 2613,5982 2613,5981 2612,5980 2612,5977 2611,5976 2611,5965 2611,5964 2569,5964 2568,5963 2456,5964 2441,5964 2440,5965 2437,5965 2435,5963 2403,5964 2402,5963 2401,5963 2400,5962 2399,5962 2397,5960 2396,5960 2392,5956 2391,5956 2390,5955 2390,5953 2390,5953 2344,5953 2343,5953 2343,5984 2343,5985 2342,5985 2341,5984 2341,5953 2341,5953 2311,5953 2310,5954 2310,5956 2309,5957 2309,5958 2308,5959 2308,5961 2306,5963 2306,5965 2305,5966 2305,5967 2304,5968 2303,5968 2301,5970 2301,5972 2300,5973 2300,5974 2299,5975 2259,5976 2258,5976 2258,5986 2258,5987 2257,5986 2257,5967 2257,5967 2176,5967 2175,5968 2175,5970 2173,5972 2173,5981 2172,5982 2172,5984 2170,5986 2170,5987 2170,5987 2169,5987 2168,5986 2166,5986 2165,5986 2165,5985 2165,5984 2143,5984 2142,5984 2142,5980 2142,5979 2063,5980 2061,5981 2061,5982 2054,5990 2053,5990 2052,5991 2040,5991 2039,5992"/>
        <TextEquiv index="0">
          <Unicode>angriffen / die Thor zerbrochen / und einen</Unicode>
        </TextEquiv>
        <TextEquiv index="1">
          <Unicode>angriffen / die Thor zerbrochen / und einen</Unicode>
        </TextEquiv>
      </TextLine>
      <TextLine id="l75">
        <Coords points="2040,6106 2039,6105 2033,6105 2032,6104 2032,6087 2031,6087 1995,6087 1994,6086 1936,6087 1935,6085 1935,6084 1934,6083 1934,6078 1933,6077 1933,6068 1934,6067 1935,6067 1936,6066 1935,6023 1936,6022 1936,6020 1937,6019 1937,6016 1938,6015 1938,6013 1939,6012 1939,6011 1941,6009 1941,6008 1942,6008 1943,6008 1945,6006 1946,6006 1950,6002 1951,6002 1955,5997 1960,5997 1961,5996 1962,5996 1963,5995 2151,5994 2151,5994 2151,5991 2152,5990 2256,5990 2256,5989 2256,5987 2257,5987 2804,5983 2805,5982 2815,5982 2815,5981 2815,5980 2816,5980 2943,5979 2944,5978 2947,5978 2948,5977 2949,5977 2950,5976 2956,5976 2957,5975 2964,5975 2965,5976 2972,5976 2973,5977 2988,5977 2989,5978 3588,5974 3588,5974 3588,5979 3589,5980 3595,5980 3595,5980 3595,5984 3596,5985 3596,5995 3599,5998 3599,6001 3598,6002 3598,6004 3597,6005 3597,6008 3596,6009 3596,6014 3596,6015 3589,6015 3588,6015 3588,6016 3588,6017 3583,6017 3582,6017 3583,6028 3582,6029 3582,6036 3580,6038 3576,6038 3576,6038 3576,6040 3574,6042 3573,6042 3572,6043 3571,6043 3571,6043 3571,6044 3569,6046 3567,6046 3562,6051 3561,6051 3559,6053 3547,6053 3544,6057 3544,6058 3543,6058 3450,6059 3449,6060 3449,6062 3445,6066 3445,6067 3443,6069 3443,6070 3442,6071 3441,6071 3441,6071 3440,6072 3440,6073 3438,6075 3381,6075 3378,6078 3377,6078 3376,6079 3375,6079 3374,6080 3373,6080 3372,6081 3089,6083 3089,6084 3089,6085 3088,6085 2066,6092 2066,6092 2066,6098 2065,6099 2065,6101 2063,6104 2059,6104 2058,6105 2056,6105 2055,6106"/>
        <TextEquiv index="0">
          <Unicode>Theil der Stadt / mit der Vor&#383;tadt angez&#252;n&#11799;</Unicode>
        </TextEquiv>
        <TextEquiv index="1">
          <Unicode>Theil der Stadt / mit der Vor&#383;tadt angez&#252;n&#11799;</Unicode>
        </TextEquiv>
      </TextLine>
      <TextEquiv>
        <Unicode/>
      </TextEquiv>
    </TextRegion>
    <TextRegion id="r8" orientation="0.375" type="paragraph">
      <Coords points="199,2811 229,525 422,526 520,557 693,528 1079,531 1153,536 1208,532 1934,538 1930,1105 1913,2063 1913,2154 1922,2442 1913,2545 1913,2807"/>
      <TextLine id="l76">
        <Coords points="819,658 816,655 735,655 734,654 730,654 729,653 590,654 589,653 588,653 587,652 585,652 581,649 581,648 579,646 579,645 578,644 578,635 578,634 312,636 311,637 303,637 302,637 302,648 300,650 300,651 300,652 297,652 296,651 294,651 293,650 292,650 287,646 287,645 286,644 286,630 286,629 260,629 259,628 249,628 248,627 247,627 246,627 246,625 245,624 245,579 244,578 239,578 236,575 236,574 236,573 254,573 255,573 255,536 255,535 256,535 257,536 257,573 257,573 261,573 262,573 262,571 264,569 264,565 265,564 265,563 266,561 267,561 268,561 268,560 270,557 271,557 272,557 272,555 276,550 277,550 279,548 285,548 287,546 304,546 306,547 306,553 306,554 443,553 445,555 445,556 446,557 684,555 685,556 1103,554 1104,553 1127,553 1128,552 1128,534 1128,534 1137,534 1138,534 1138,535 1138,536 1155,535 1156,536 1156,539 1156,539 1239,539 1240,539 1240,546 1240,547 1568,545 1569,544 1577,544 1578,543 1602,542 1604,544 1611,544 1612,545 1615,545 1616,546 1618,546 1620,548 1621,548 1622,549 1853,548 1855,549 1855,552 1855,553 1859,553 1860,553 1860,564 1860,565 1901,565 1902,565 1902,566 1902,567 1903,566 1904,567 1921,567 1923,569 1923,572 1924,573 1924,584 1923,585 1923,586 1921,587 1912,587 1912,588 1912,613 1911,614 1911,616 1910,617 1909,617 1908,618 1908,620 1907,621 1906,621 1905,622 1904,622 1903,624 1902,624 1900,626 1879,626 1878,627 1842,627 1841,627 1841,628 1840,629 1840,630 1839,631 1839,634 1838,635 1838,637 1836,639 1836,640 1834,643 1833,643 1832,644 1831,644 1830,645 1823,645 1822,646 1817,646 1816,647 1815,646 1812,646 1810,644 1805,644 1804,643 1802,643 1800,642 1800,641 1798,639 1798,630 1798,629 1482,631 1481,632 1481,640 1480,641 1480,643 1480,643 1477,643 1476,644 1474,644 1473,645 1302,646 1301,647 1297,647 1296,648 1294,648 1293,649 1285,650 1284,649 1281,649 1280,648 1279,648 1277,646 1275,646 1274,645 1273,645 1272,644 1271,644 1269,642 1269,637 1269,637 1129,638 1128,637 1118,637 1117,636 1113,636 1112,635 1109,635 1108,634 845,635 844,636 844,653 843,654 843,655 843,655 840,655 839,656 838,656 837,657"/>
        <TextEquiv index="0">
          <Unicode>Hand angelegt habe. Es ligt die&#383;e Stadt gar</Unicode>
        </TextEquiv>
        <TextEquiv index="1">
          <Unicode>Hand angelegt habe. Es ligt die&#383;e Stadt gar</Unicode>
        </TextEquiv>
      </TextLine>
      <TextLine id="l77">
        <Coords points="1260,759 1258,757 1258,756 1257,755 1257,740 1256,740 1118,741 1117,742 1116,742 1115,743 1063,743 1061,741 977,742 977,742 977,750 976,751 976,754 974,757 972,757 971,757 971,758 971,759 965,759 964,758 962,758 960,756 958,756 957,755 956,755 955,754 955,743 954,743 888,743 887,742 863,742 862,741 839,741 838,740 820,741 819,740 816,740 815,739 764,739 747,739 746,741 746,742 744,743 671,744 671,744 671,760 669,763 649,763 645,759 645,742 644,742 643,742 639,737 639,736 638,735 638,729 637,729 569,729 569,730 569,732 568,733 568,734 566,735 565,735 564,737 564,738 561,740 560,740 558,742 555,742 553,740 510,741 509,740 484,740 483,739 429,739 428,738 360,739 360,739 360,754 359,755 359,759 357,762 351,762 350,761 350,741 349,741 263,741 262,742 260,740 260,738 259,737 256,737 255,736 245,736 244,735 244,698 243,697 243,688 244,687 244,685 245,684 245,682 246,681 245,672 246,671 246,669 247,668 247,667 248,666 250,666 251,665 252,665 253,664 256,664 258,662 259,662 261,660 263,660 264,659 273,659 274,661 275,679 275,679 347,679 348,678 351,678 353,680 488,679 489,680 513,680 514,681 515,681 518,683 518,685 519,687 521,687 524,689 524,690 525,692 558,691 559,692 563,692 564,693 564,694 565,695 565,696 566,697 566,716 567,717 567,718 568,719 568,720 569,721 569,724 570,725 570,728 570,728 638,728 639,727 639,716 640,715 640,677 637,675 638,674 638,672 639,672 640,672 641,671 645,671 646,670 647,670 647,669 647,668 648,668 649,668 650,667 651,667 653,665 656,665 657,664 663,664 664,665 668,665 669,666 669,667 670,668 671,685 671,686 738,685 739,685 739,684 740,682 741,682 743,680 744,680 745,679 747,679 748,678 749,678 750,679 752,679 754,681 754,690 754,690 822,690 824,688 826,688 827,687 829,687 831,685 862,684 864,682 865,683 865,684 865,684 934,684 935,683 934,674 935,674 936,674 938,672 941,672 945,668 946,668 949,665 950,665 952,663 953,664 954,664 956,666 959,666 960,667 963,667 963,667 964,683 964,684 965,684 968,686 968,687 969,688 969,689 969,690 1040,689 1042,688 1042,687 1042,686 1044,686 1045,686 1045,685 1045,684 1047,684 1048,683 1067,683 1068,682 1070,682 1071,681 1071,674 1072,673 1073,673 1073,672 1073,669 1074,668 1074,666 1075,666 1079,666 1080,667 1080,668 1081,669 1082,681 1082,682 1094,682 1095,683 1250,682 1251,681 1250,672 1251,672 1252,672 1252,671 1252,670 1256,666 1256,665 1259,663 1260,663 1261,662 1277,662 1278,663 1280,663 1281,664 1282,677 1282,678 1341,677 1342,676 1357,676 1358,676 1357,673 1360,670 1411,670 1411,669 1411,666 1413,665 1414,665 1415,663 1415,662 1419,659 1423,659 1424,658 1427,661 1499,660 1500,659 1504,659 1505,658 1514,658 1516,661 1516,673 1517,673 1590,673 1590,672 1590,671 1592,670 1594,670 1594,670 1595,675 1595,676 1664,675 1665,675 1665,674 1666,673 1665,671 1666,670 1667,670 1668,669 1669,669 1669,669 1669,666 1673,662 1674,662 1676,659 1676,658 1677,658 1678,658 1679,657 1680,657 1682,655 1683,655 1684,654 1691,654 1692,653 1694,653 1695,652 1717,652 1718,651 1741,651 1742,652 1767,651 1768,652 1771,652 1772,653 1773,653 1774,654 1775,654 1775,655 1775,657 1778,659 1845,659 1847,661 1848,673 1848,674 1862,674 1864,676 1887,676 1888,676 1888,677 1889,678 1889,679 1890,680 1890,681 1890,682 1920,681 1921,682 1922,682 1924,684 1924,686 1925,687 1925,709 1924,709 1923,709 1923,710 1919,714 1919,715 1918,715 1917,715 1916,716 1915,716 1911,720 1910,720 1910,721 1910,722 1908,723 1907,723 1903,727 1902,728 1902,728 1902,729 1901,730 1890,730 1889,731 1889,732 1888,733 1887,733 1887,733 1887,734 1885,736 1831,736 1829,734 1761,734 1759,736 1753,736 1752,737 1713,738 1712,737 1707,737 1705,735 1702,735 1701,733 1701,732 1700,732 1699,732 1698,730 1698,728 1697,728 1696,728 1694,726 1693,726 1692,725 1691,725 1689,723 1618,723 1618,724 1618,727 1617,728 1617,729 1614,731 1613,731 1609,735 1608,735 1607,736 1603,736 1602,735 1529,736 1529,736 1529,749 1529,750 1527,752 1525,752 1524,753 1521,753 1520,754 1517,754 1516,755 1511,755 1510,754 1509,754 1508,754 1507,753 1507,752 1505,750 1505,739 1504,738 1494,738 1494,738 1494,736 1493,735 1436,736 1434,734 1312,734 1311,735 1285,736 1285,736 1285,753 1284,754 1284,755 1282,758 1279,758 1278,759"/>
        <TextEquiv index="0">
          <Unicode>bequem; hat auch einen herrlichen Wein&#11799;</Unicode>
        </TextEquiv>
        <TextEquiv index="1">
          <Unicode>bequem; hat auch einen herrlichen Wein&#11799;</Unicode>
        </TextEquiv>
      </TextLine>
      <TextLine id="l78">
        <Coords points="243,767 1922,756 1922,863 243,874"/>
        <TextEquiv index="0">
          <Unicode>wachs; daher &#383;ie von den Kauffleuten und be&#11799;</Unicode>
        </TextEquiv>
        <TextEquiv index="1">
          <Unicode>wachs; daher &#383;ie von den Kauffleuten und be&#11799;</Unicode>
        </TextEquiv>
      </TextLine>
      <TextLine id="l79">
        <Coords points="241,875 1924,864 1925,969 242,980"/>
        <TextEquiv index="0">
          <Unicode>nachbarten V&#246;lckern / flei&#383;&#383;ig be&#383;ucht wird.</Unicode>
        </TextEquiv>
        <TextEquiv index="1">
          <Unicode>nachbarten V&#246;lckern / flei&#383;&#383;ig be&#383;ucht wird.</Unicode>
        </TextEquiv>
      </TextLine>
      <TextLine id="l80">
        <Coords points="820,1086 819,1085 819,1061 819,1061 818,1061 817,1062 816,1062 815,1063 768,1063 767,1064 746,1064 745,1065 745,1076 744,1077 744,1080 744,1080 742,1080 741,1081 740,1081 739,1082 738,1082 737,1083 728,1083 727,1084 726,1084 725,1083 723,1083 722,1082 720,1082 717,1080 717,1069 717,1068 645,1069 637,1069 636,1070 635,1070 634,1071 633,1071 632,1072 630,1072 629,1073 626,1073 625,1074 604,1074 603,1075 602,1075 599,1078 599,1079 597,1081 596,1081 595,1082 594,1082 593,1083 592,1083 591,1084 589,1084 588,1085 584,1085 581,1083 581,1061 581,1060 503,1061 502,1062 440,1062 439,1063 435,1063 434,1064 300,1065 298,1063 275,1063 274,1062 272,1062 271,1062 271,1061 268,1058 267,1058 265,1056 264,1056 263,1055 260,1055 259,1054 259,1053 257,1051 254,1051 252,1049 251,1049 250,1048 240,1048 240,1048 240,1043 241,1042 241,1037 241,1036 244,1036 245,1035 258,1035 259,1035 259,1005 258,1004 241,1004 240,1003 240,999 239,998 240,997 240,992 241,991 241,990 241,989 242,989 243,988 245,988 248,985 249,985 251,983 252,983 253,982 255,982 256,981 260,981 262,979 278,979 279,980 315,980 316,981 317,981 317,981 317,982 319,983 319,1002 319,1003 356,1003 357,1004 358,1004 359,1005 407,1004 408,1005 408,1007 408,1007 449,1007 451,1009 551,1008 553,1006 554,1006 555,1005 556,1005 558,1003 559,1003 560,1002 561,1002 562,1001 563,1001 564,1000 565,1000 566,1000 566,999 568,996 572,996 576,1000 576,1012 576,1012 647,1012 648,1013 649,1013 650,1014 653,1014 654,1015 656,1015 657,1015 657,1016 657,1017 680,1017 681,1016 681,990 681,990 725,989 726,988 735,988 736,989 756,989 757,990 757,1008 757,1008 810,1008 811,1007 811,1006 813,1004 815,1004 817,1002 817,1001 817,1001 818,1001 821,998 863,997 864,997 864,996 866,994 866,993 866,992 867,992 869,990 872,990 874,992 874,995 876,997 934,997 936,998 936,1000 936,1001 952,1001 953,1001 953,1004 953,1005 1030,1004 1031,1003 1088,1003 1091,1000 1093,1001 1093,1002 1093,1003 1154,1002 1156,1000 1157,1000 1158,999 1194,999 1195,999 1195,998 1197,996 1197,992 1200,989 1200,988 1202,985 1203,985 1204,984 1205,984 1206,983 1207,983 1209,981 1210,981 1212,979 1213,979 1214,978 1215,978 1216,977 1229,977 1230,976 1238,976 1239,977 1240,977 1240,977 1240,978 1242,980 1245,980 1248,983 1251,983 1253,984 1253,986 1254,987 1254,997 1254,998 1270,998 1272,999 1272,1000 1273,1002 1286,1002 1287,1003 1348,1002 1349,1001 1399,1001 1401,999 1401,998 1403,996 1404,996 1405,995 1406,995 1407,994 1449,993 1450,993 1450,982 1450,981 1467,981 1468,980 1500,980 1502,978 1503,978 1504,977 1505,977 1506,976 1509,976 1510,975 1516,975 1517,976 1569,976 1573,980 1574,980 1575,981 1621,980 1623,982 1623,985 1626,988 1626,998 1626,998 1627,998 1629,1000 1629,1001 1630,1002 1685,1002 1686,1001 1686,995 1687,994 1687,990 1688,989 1688,988 1689,987 1690,987 1691,986 1691,985 1692,984 1692,984 1693,984 1695,982 1695,980 1696,979 1700,979 1703,976 1707,976 1708,975 1786,974 1788,976 1789,976 1791,978 1796,978 1798,980 1798,981 1799,982 1800,982 1802,984 1802,985 1803,986 1803,988 1805,990 1805,991 1805,991 1806,991 1807,992 1807,994 1807,994 1854,994 1855,995 1879,995 1885,1000 1885,1003 1887,1005 1887,1006 1888,1008 1919,1007 1920,1008 1921,1008 1922,1009 1922,1029 1921,1030 1921,1032 1919,1034 1919,1035 1918,1036 1918,1037 1917,1037 1916,1037 1915,1039 1915,1040 1913,1041 1912,1041 1910,1043 1909,1043 1904,1048 1903,1049 1902,1050 1901,1050 1898,1053 1877,1053 1877,1053 1877,1054 1876,1055 1876,1056 1873,1059 1873,1060 1871,1062 1871,1063 1870,1064 1870,1065 1869,1066 1869,1067 1867,1069 1867,1070 1866,1071 1866,1072 1865,1073 1865,1074 1864,1076 1862,1076 1861,1077 1859,1077 1858,1076 1857,1076 1855,1074 1855,1072 1853,1070 1853,1056 1853,1056 1832,1056 1831,1056 1831,1077 1831,1078 1830,1077 1830,1056 1830,1056 1782,1056 1780,1058 1777,1058 1776,1059 1767,1059 1766,1058 1724,1059 1718,1053 1718,1052 1715,1050 1657,1050 1656,1051 1655,1051 1655,1052 1655,1053 1653,1055 1644,1055 1643,1056 1643,1069 1642,1070 1641,1070 1639,1072 1638,1072 1636,1074 1636,1077 1636,1077 1630,1077 1629,1078 1628,1077 1625,1077 1624,1076 1623,1076 1622,1075 1621,1075 1620,1075 1620,1073 1617,1070 1617,1059 1617,1058 1557,1059 1556,1059 1556,1061 1555,1062 1555,1065 1554,1066 1554,1067 1553,1068 1553,1071 1551,1074 1492,1074 1491,1075 1491,1077 1489,1079 1486,1079 1485,1078 1484,1078 1483,1078 1483,1067 1482,1066 1482,1060 1482,1059 1419,1060 1418,1060 1418,1068 1416,1071 1410,1071 1408,1069 1406,1069 1405,1068 1405,1067 1404,1066 1404,1063 1404,1063 1378,1063 1377,1062 1377,1060 1377,1060 1371,1060 1370,1059 1345,1059 1344,1058 1243,1059 1242,1059 1242,1060 1241,1061 1241,1062 1239,1064 1239,1065 1238,1067 1237,1067 1235,1068 1235,1069 1235,1070 1234,1070 1230,1074 1225,1074 1224,1075 1216,1075 1215,1076 1214,1076 1213,1075 1207,1075 1198,1067 1198,1066 1196,1064 1196,1063 1195,1062 1195,1061 1195,1060 1117,1061 1116,1062 1115,1061 1114,1061 1113,1060 1009,1060 1007,1058 952,1059 949,1062 874,1062 873,1062 873,1061 873,1060 822,1061 821,1061 821,1085 821,1086"/>
        <TextEquiv index="0">
          <Unicode>Anno 1639. hat der neue Frantz&#246;&#383;i&#383;ch&#11799;Wey&#11799;</Unicode>
        </TextEquiv>
        <TextEquiv index="1">
          <Unicode>Anno 1639. hat der neue Frantz&#246;&#383;i&#383;ch&#11799;Wey&#11799;</Unicode>
        </TextEquiv>
      </TextLine>
      <TextLine id="l81">
        <Coords points="1600,1189 1599,1188 1590,1189 1589,1188 1586,1188 1585,1187 1583,1187 1582,1186 428,1193 427,1192 426,1192 425,1191 425,1188 424,1187 424,1175 423,1174 404,1174 403,1173 402,1173 401,1172 243,1173 243,1173 243,1168 241,1166 241,1165 240,1164 240,1162 239,1161 239,1160 238,1159 238,1146 239,1145 238,1121 239,1120 239,1117 240,1116 240,1115 241,1114 241,1112 242,1111 246,1111 247,1110 250,1110 253,1107 416,1106 416,1106 416,1099 420,1095 439,1095 440,1094 440,1093 442,1091 444,1091 445,1090 447,1090 448,1089 450,1089 451,1088 614,1087 615,1086 619,1086 620,1087 821,1086 821,1086 821,1087 822,1088 1834,1081 1835,1082 1843,1082 1843,1082 1843,1083 1844,1084 1844,1097 1845,1098 1909,1097 1910,1099 1910,1106 1911,1107 1912,1143 1914,1145 1914,1147 1915,1148 1915,1152 1916,1153 1916,1160 1915,1161 1915,1162 1913,1164 1913,1165 1905,1172 1901,1173 1900,1174 1876,1174 1876,1174 1876,1187 1875,1188"/>
        <TextEquiv index="0">
          <Unicode>mari&#383;che General / Hertzog von Longueville,</Unicode>
        </TextEquiv>
        <TextEquiv index="1">
          <Unicode>mari&#383;che General / Hertzog von Longueville,</Unicode>
        </TextEquiv>
      </TextLine>
      <TextLine id="l82">
        <Coords points="1510,1294 1509,1293 1503,1293 1502,1292 1501,1292 1500,1291 1187,1293 1186,1292 1184,1292 1183,1291 1182,1291 1181,1290 973,1292 972,1291 970,1291 969,1289 969,1288 968,1287 967,1279 967,1279 408,1282 407,1283 407,1285 406,1286 407,1293 406,1293 405,1293 402,1296 399,1296 398,1297 392,1297 391,1296 391,1295 390,1294 386,1294 385,1293 385,1291 383,1289 382,1280 382,1279 247,1280 244,1278 244,1276 243,1275 243,1273 243,1272 241,1272 240,1271 239,1271 237,1270 237,1266 236,1265 236,1257 237,1256 237,1230 238,1229 238,1228 239,1227 239,1225 243,1221 249,1221 251,1219 251,1218 252,1217 367,1217 367,1216 367,1209 369,1207 371,1207 372,1206 373,1206 374,1205 374,1204 374,1204 375,1204 376,1203 381,1202 383,1200 706,1198 709,1195 711,1195 712,1194 1265,1191 1266,1190 1267,1190 1267,1191 1266,1192 1265,1192 1264,1193 979,1195 979,1195 980,1197 1293,1195 1294,1195 1303,1195 1304,1196 1871,1193 1872,1192 1872,1190 1872,1190 1903,1190 1904,1189 1905,1189 1905,1213 1906,1214 1906,1215 1910,1219 1910,1256 1911,1257 1911,1260 1909,1262 1909,1263 1908,1264 1908,1265 1907,1266 1907,1269 1907,1269 1902,1270 1901,1271 1841,1271 1840,1272 1839,1272 1838,1273 1676,1274 1675,1275 1625,1275 1624,1276 1625,1288 1624,1288 1527,1289 1524,1292 1515,1292 1514,1293 1512,1293 1511,1294"/>
        <TextEquiv index="0">
          <Unicode>nach dem Tod Hertzog Bernhards von</Unicode>
        </TextEquiv>
        <TextEquiv index="1">
          <Unicode>nach dem Tod Hertzog Bernhards von</Unicode>
        </TextEquiv>
      </TextLine>
      <TextLine id="l83">
        <Coords points="236,1303 1916,1292 1917,1399 237,1410"/>
        <TextEquiv index="0">
          <Unicode>Sach&#383;en&#11799;Weymar / die&#383;es Bernca&#383;tel / wie</Unicode>
        </TextEquiv>
        <TextEquiv index="1">
          <Unicode>Sach&#383;en&#11799;Weymar / die&#383;es Bernca&#383;tel / wie</Unicode>
        </TextEquiv>
      </TextLine>
      <TextLine id="l84">
        <Coords points="234,1411 1914,1400 1914,1507 235,1518"/>
        <TextEquiv index="0">
          <Unicode>auch Ca&#383;tellaun / und andere Ort mehr her&#11799;</Unicode>
        </TextEquiv>
        <TextEquiv index="1">
          <Unicode>auch Ca&#383;tellaun / und andere Ort mehr her&#11799;</Unicode>
        </TextEquiv>
      </TextLine>
      <TextLine id="l85">
        <Coords points="1367,1618 1367,1618 1367,1614 1366,1613 1229,1614 1228,1613 659,1617 658,1616 657,1616 655,1614 654,1614 653,1613 652,1613 648,1609 450,1610 448,1608 448,1602 447,1601 381,1601 380,1600 269,1601 268,1600 243,1600 243,1600 243,1598 242,1597 240,1597 240,1597 240,1596 239,1595 238,1595 236,1593 235,1593 235,1591 234,1590 234,1587 235,1586 235,1552 236,1551 236,1550 237,1549 237,1548 238,1547 238,1546 239,1545 240,1545 241,1544 245,1544 246,1543 295,1543 298,1540 299,1540 300,1539 368,1539 368,1538 368,1533 372,1530 374,1530 374,1529 374,1528 375,1527 375,1526 378,1524 380,1523 381,1522 389,1522 391,1524 1225,1519 1226,1518 1228,1518 1230,1516 1231,1516 1232,1515 1235,1515 1236,1513 1237,1513 1238,1512 1252,1512 1253,1513 1254,1513 1255,1514 1286,1514 1288,1515 1288,1522 1289,1523 1884,1519 1885,1520 1885,1522 1886,1523 1887,1523 1888,1524 1889,1524 1890,1525 1891,1525 1894,1528 1895,1528 1896,1529 1898,1529 1900,1531 1902,1531 1904,1533 1904,1534 1905,1535 1905,1536 1910,1541 1910,1547 1912,1549 1912,1553 1913,1554 1913,1556 1912,1557 1912,1562 1911,1563 1911,1566 1909,1568 1909,1570 1908,1571 1908,1572 1907,1573 1907,1575 1907,1575 1906,1576 1905,1576 1905,1577 1904,1579 1902,1579 1900,1580 1900,1581 1900,1582 1899,1582 1898,1582 1898,1583 1897,1585 1895,1585 1892,1588 1890,1588 1889,1589 1850,1589 1849,1590 1829,1590 1828,1591 1806,1591 1805,1592 1601,1593 1600,1595 1600,1596 1596,1600 1596,1601 1594,1603 1594,1604 1591,1607 1591,1608 1588,1611 1587,1611 1585,1613 1582,1613 1581,1614 1370,1615 1370,1616 1370,1618 1369,1618"/>
        <TextEquiv index="0">
          <Unicode>umb / eingenommen. Anno 1650. ward</Unicode>
        </TextEquiv>
        <TextEquiv index="1">
          <Unicode>umb / eingenommen. Anno 1650. ward</Unicode>
        </TextEquiv>
      </TextLine>
      <TextLine id="l86">
        <Coords points="1177,1726 1177,1723 1177,1722 292,1728 242,1728 241,1729 241,1732 241,1732 238,1732 237,1732 237,1681 235,1679 235,1659 234,1658 234,1649 235,1648 235,1640 237,1638 237,1637 237,1636 238,1636 240,1634 241,1634 245,1630 246,1630 247,1629 250,1629 251,1628 253,1628 254,1627 569,1625 572,1628 1306,1623 1307,1623 1307,1620 1307,1619 1308,1619 1309,1618 1818,1615 1819,1614 1820,1615 1820,1622 1820,1622 1862,1622 1864,1623 1864,1624 1864,1625 1890,1625 1891,1625 1891,1641 1891,1642 1901,1642 1903,1644 1904,1644 1906,1645 1906,1648 1907,1649 1907,1682 1910,1685 1910,1688 1909,1689 1909,1690 1909,1690 1907,1690 1906,1691 1906,1693 1905,1694 1905,1695 1904,1697 1849,1697 1848,1698 1815,1698 1814,1699 1613,1700 1612,1701 1612,1720 1611,1721 1611,1722 1611,1722 1179,1725 1178,1726"/>
        <TextEquiv index="0">
          <Unicode>Bernca&#383;tel (darinn damaln vielleicht Lottrin</Unicode>
        </TextEquiv>
        <TextEquiv index="1">
          <Unicode>Bernea&#383;tel (darinn damaln vielleicht Lottrin</Unicode>
        </TextEquiv>
      </TextLine>
      <TextLine id="l87">
        <Coords points="235,1841 234,1841 234,1828 233,1827 233,1818 232,1817 232,1808 231,1807 231,1804 232,1803 232,1793 233,1792 233,1782 234,1781 234,1780 235,1779 235,1778 237,1776 237,1768 238,1767 237,1733 238,1732 675,1730 677,1732 1445,1727 1445,1726 1445,1725 1446,1725 1577,1724 1578,1723 1629,1722 1630,1724 1630,1727 1632,1728 1861,1727 1862,1728 1865,1728 1866,1729 1867,1744 1867,1745 1881,1745 1882,1746 1903,1746 1908,1750 1908,1751 1909,1752 1909,1754 1910,1755 1910,1789 1911,1790 1911,1797 1907,1801 1907,1802 1905,1804 1903,1804 1901,1806 1814,1806 1814,1807 1814,1826 1814,1826 1411,1829 1410,1829 1410,1832 1410,1833 1359,1833 1358,1833 1358,1831 1358,1830 238,1837 237,1838 237,1841 237,1841"/>
        <TextEquiv index="0">
          <Unicode>ger gelegen) vom Frantz&#246;&#383;i&#383;chen Generaln</Unicode>
        </TextEquiv>
        <TextEquiv index="1">
          <Unicode>ger gelegen) vom Frantz&#246;&#383;i&#383;chen Generaln</Unicode>
        </TextEquiv>
      </TextLine>
      <TextLine id="l88">
        <Coords points="1139,1940 1139,1916 1138,1916 1134,1916 1133,1915 1076,1915 1076,1915 1076,1937 1075,1938 1074,1938 1074,1937 1074,1915 1073,1915 1056,1915 1053,1919 1053,1921 1051,1922 1048,1919 1022,1919 1022,1919 1022,1918 1021,1917 945,1918 945,1918 945,1921 944,1922 944,1931 942,1933 942,1934 941,1935 941,1936 940,1937 937,1937 936,1936 908,1936 906,1934 835,1935 834,1936 832,1936 831,1935 830,1935 829,1934 757,1934 755,1936 753,1936 753,1936 753,1935 752,1934 752,1922 751,1921 687,1921 685,1919 632,1920 631,1919 547,1919 547,1920 547,1938 545,1939 544,1939 543,1940 541,1940 540,1939 538,1939 538,1939 538,1938 537,1937 537,1922 536,1921 433,1922 432,1921 366,1922 364,1920 300,1920 299,1919 251,1919 251,1919 251,1918 249,1916 248,1916 246,1914 233,1914 233,1914 232,1877 231,1876 231,1875 232,1874 232,1872 233,1871 233,1870 234,1869 234,1842 235,1841 238,1841 239,1843 239,1864 240,1864 242,1864 242,1864 242,1863 243,1862 245,1862 246,1861 248,1861 248,1862 248,1863 249,1863 271,1863 273,1865 339,1865 343,1861 408,1860 408,1860 408,1855 410,1853 410,1852 413,1849 413,1848 416,1845 417,1845 418,1844 419,1844 420,1843 421,1843 423,1841 424,1841 425,1840 428,1840 430,1838 438,1838 439,1839 440,1839 442,1841 471,1841 472,1842 477,1842 477,1842 477,1843 480,1846 481,1847 482,1847 483,1848 549,1847 549,1847 549,1846 550,1845 552,1845 554,1843 555,1843 557,1841 558,1841 560,1839 561,1839 562,1840 567,1840 568,1841 569,1841 571,1843 574,1843 575,1845 575,1863 576,1863 597,1863 597,1863 597,1838 598,1837 598,1838 598,1863 599,1863 674,1863 674,1862 674,1853 678,1850 681,1850 684,1846 684,1845 685,1844 687,1844 690,1841 692,1841 694,1839 696,1839 697,1840 698,1840 699,1842 699,1843 700,1843 765,1843 768,1840 770,1840 771,1839 773,1839 774,1838 780,1838 782,1840 784,1840 784,1840 784,1841 785,1842 833,1842 834,1843 834,1844 835,1845 835,1861 838,1863 908,1863 908,1863 908,1861 909,1860 909,1858 910,1857 910,1855 912,1853 912,1852 913,1851 913,1848 914,1846 914,1844 916,1843 919,1843 920,1842 922,1842 922,1841 922,1840 926,1837 930,1837 931,1836 959,1836 960,1837 961,1837 963,1839 964,1839 966,1841 968,1841 969,1842 969,1862 970,1863 1022,1862 1023,1861 1073,1861 1078,1855 1078,1853 1079,1853 1080,1853 1081,1852 1083,1852 1083,1852 1083,1860 1084,1861 1148,1860 1148,1860 1148,1849 1150,1847 1152,1847 1156,1843 1157,1843 1158,1842 1159,1842 1160,1841 1162,1841 1163,1840 1164,1840 1165,1839 1167,1839 1167,1840 1167,1841 1168,1841 1170,1841 1170,1842 1170,1858 1171,1858 1230,1858 1231,1857 1299,1856 1301,1854 1307,1854 1310,1857 1375,1857 1375,1856 1375,1844 1376,1844 1377,1844 1378,1843 1381,1843 1382,1842 1388,1842 1388,1841 1388,1834 1389,1834 1405,1834 1406,1833 1409,1833 1409,1833 1409,1841 1410,1842 1425,1842 1426,1841 1428,1841 1429,1842 1429,1843 1430,1844 1430,1846 1431,1847 1432,1847 1433,1848 1434,1848 1436,1850 1437,1850 1438,1851 1439,1851 1440,1852 1506,1851 1507,1850 1509,1850 1510,1852 1510,1853 1511,1853 1575,1853 1576,1854 1656,1853 1657,1852 1690,1852 1690,1851 1690,1848 1691,1848 1692,1848 1692,1847 1692,1843 1693,1843 1695,1843 1695,1842 1695,1841 1696,1841 1697,1840 1698,1840 1698,1839 1698,1838 1701,1836 1702,1836 1705,1833 1706,1833 1707,1834 1774,1833 1775,1832 1776,1832 1777,1831 1780,1831 1781,1830 1785,1830 1786,1829 1810,1829 1811,1828 1815,1828 1816,1827 1818,1827 1819,1828 1822,1828 1822,1829 1822,1830 1823,1831 1823,1832 1824,1833 1824,1854 1825,1854 1875,1854 1875,1854 1875,1855 1876,1856 1878,1856 1878,1856 1878,1857 1882,1861 1882,1891 1883,1892 1899,1892 1903,1895 1903,1896 1904,1897 1904,1898 1908,1902 1908,1904 1907,1905 1907,1906 1902,1911 1902,1912 1900,1914 1896,1914 1895,1913 1796,1913 1796,1914 1796,1915 1795,1916 1795,1929 1793,1930 1792,1930 1791,1931 1790,1931 1789,1932 1788,1932 1787,1933 1759,1933 1755,1929 1755,1923 1754,1922 1754,1913 1753,1913 1717,1913 1717,1912 1717,1911 1716,1911 1627,1911 1626,1912 1625,1912 1624,1911 1622,1911 1621,1910 1578,1911 1576,1909 1508,1909 1508,1910 1508,1911 1507,1911 1506,1911 1505,1912 1479,1912 1478,1913 1369,1914 1367,1916 1366,1916 1365,1917 1363,1915 1328,1915 1326,1913 1298,1913 1297,1912 1232,1913 1231,1914 1229,1914 1228,1915 1164,1915 1163,1916 1162,1916 1161,1915 1140,1916 1140,1916 1140,1940 1139,1941"/>
        <TextEquiv index="0">
          <Unicode>von Ro&#383;en be&#383;cho&#383;&#383;en / aber wieder verla&#383;&#383;en.</Unicode>
        </TextEquiv>
        <TextEquiv index="1">
          <Unicode>von Ro&#383;en be&#383;cho&#383;&#383;en / aber wieder verla&#383;&#383;en.</Unicode>
        </TextEquiv>
      </TextLine>
      <TextLine id="l89">
        <Coords points="232,2052 232,2049 231,2048 231,2038 232,2037 232,2036 237,2031 237,1953 237,1952 238,1952 242,1948 243,1948 246,1945 251,1945 252,1944 268,1944 269,1945 275,1945 277,1947 1136,1942 1137,1941 1138,1941 1139,1941 1139,1948 1139,1949 1384,1947 1385,1947 1385,1955 1385,1956 1679,1954 1680,1954 1680,1955 1681,1956 1681,1957 1681,1958 1821,1957 1823,1959 1864,1959 1865,1959 1865,1960 1865,1961 1899,1961 1900,1962 1901,1962 1902,1962 1902,1963 1903,1964 1903,1965 1905,1967 1905,1969 1906,1970 1906,1971 1905,1972 1905,1973 1904,1974 1904,1975 1903,1977 1902,1977 1901,1977 1901,2002 1900,2003 1900,2004 1900,2005 1899,2005 1897,2006 1897,2007 1894,2010 1894,2011 1892,2014 1891,2014 1890,2015 1867,2015 1865,2017 1788,2017 1786,2019 1786,2022 1785,2023 1785,2026 1784,2027 1784,2028 1781,2031 1780,2031 1779,2032 1778,2032 1776,2034 1775,2034 1774,2035 1771,2035 1770,2036 1762,2036 1761,2037 725,2044 724,2045 723,2045 722,2046 238,2049 234,2053"/>
        <TextEquiv index="0">
          <Unicode>In dem jetzigen Krieg lagen das vergangene</Unicode>
        </TextEquiv>
        <TextEquiv index="1">
          <Unicode>In dem jetzigen Krieg lagen das vergangene</Unicode>
        </TextEquiv>
      </TextLine>
      <TextLine id="l90">
        <Coords points="498,2157 497,2156 495,2156 492,2153 238,2154 235,2152 235,2150 234,2149 234,2102 231,2099 231,2097 232,2096 232,2095 233,2094 233,2092 234,2091 234,2090 236,2088 236,2085 237,2083 238,2083 239,2082 368,2082 369,2081 369,2062 370,2061 370,2060 372,2058 372,2057 375,2054 386,2053 387,2052 390,2052 391,2051 807,2049 809,2047 810,2047 811,2046 813,2046 814,2047 820,2047 821,2048 835,2048 835,2048 835,2050 836,2051 1450,2046 1451,2047 1526,2047 1526,2047 1527,2048 1528,2049 1528,2050 1528,2051 1690,2050 1691,2051 1694,2051 1695,2051 1695,2055 1697,2058 1700,2058 1703,2061 1704,2061 1705,2062 1709,2062 1710,2063 1711,2063 1712,2063 1712,2064 1714,2067 1715,2067 1716,2067 1717,2068 1717,2069 1718,2071 1755,2070 1756,2071 1756,2072 1756,2072 1841,2072 1842,2073 1851,2073 1853,2075 1855,2075 1856,2076 1857,2076 1858,2077 1859,2077 1860,2077 1860,2078 1860,2079 1861,2079 1862,2079 1864,2081 1864,2082 1866,2084 1866,2087 1867,2088 1867,2090 1868,2091 1868,2105 1868,2106 1888,2106 1890,2107 1890,2109 1891,2111 1893,2111 1894,2111 1894,2112 1895,2113 1895,2115 1893,2117 1893,2119 1891,2121 1670,2122 1669,2123 1618,2123 1618,2124 1616,2124 1615,2125 1542,2126 1540,2127 1540,2131 1539,2132 1539,2135 1538,2136 1538,2137 1536,2139 1536,2140 1536,2141 1431,2142 1430,2142 1430,2143 1430,2144 1428,2144 1427,2145 1425,2145 1424,2146 1422,2146 1421,2145 1421,2144 1421,2144 1261,2145 1260,2144 1260,2142 1259,2141 1259,2140 1259,2140 1258,2140 1256,2138 1256,2137 1256,2137 613,2141 612,2141 612,2145 611,2146 611,2148 610,2150 516,2151 514,2153 512,2153 511,2154 510,2154 508,2156 501,2156 500,2157"/>
        <TextEquiv index="0">
          <Unicode>74. Jahr 400. Mann in Bernca&#383;tel / und 100.</Unicode>
        </TextEquiv>
        <TextEquiv index="1">
          <Unicode>74. Jahr 400. Mann in Bernca&#383;tel / und 100.</Unicode>
        </TextEquiv>
      </TextLine>
      <TextLine id="l91">
        <Coords points="235,2265 234,2264 234,2237 232,2235 232,2234 231,2233 231,2228 230,2227 230,2225 229,2224 229,2220 228,2219 228,2213 229,2212 229,2211 230,2210 230,2209 231,2208 231,2206 232,2204 232,2201 236,2197 237,2197 240,2194 240,2189 241,2188 243,2188 246,2185 249,2185 250,2184 251,2184 252,2183 332,2183 333,2181 333,2180 334,2179 334,2176 337,2173 337,2171 345,2164 346,2164 347,2163 348,2163 349,2162 350,2162 351,2161 353,2161 354,2160 379,2160 380,2159 386,2158 387,2157 390,2157 391,2158 393,2158 394,2159 397,2159 399,2162 399,2170 400,2170 426,2170 428,2172 429,2172 429,2173 429,2174 431,2175 434,2175 437,2178 440,2178 440,2179 440,2180 443,2182 447,2182 449,2184 528,2184 529,2183 531,2183 532,2182 534,2183 606,2183 607,2182 607,2181 608,2180 608,2178 610,2176 611,2176 619,2168 622,2168 624,2166 625,2166 626,2165 627,2165 629,2163 630,2163 631,2162 635,2162 636,2161 637,2161 638,2160 641,2160 642,2159 645,2159 646,2158 648,2158 649,2157 660,2157 661,2158 669,2158 670,2159 673,2159 674,2160 695,2159 696,2160 698,2160 699,2162 699,2183 700,2183 739,2183 739,2183 739,2172 741,2170 746,2170 746,2170 746,2169 748,2167 749,2167 751,2165 752,2165 753,2164 754,2164 755,2163 806,2163 807,2162 844,2161 844,2161 844,2157 846,2155 846,2156 846,2159 847,2159 886,2159 888,2161 891,2161 892,2162 893,2162 894,2163 895,2163 897,2166 897,2186 899,2188 899,2191 900,2192 900,2193 901,2194 901,2197 902,2197 954,2197 955,2195 955,2193 957,2191 957,2190 958,2189 958,2188 959,2187 959,2186 960,2186 961,2186 961,2185 961,2184 962,2183 962,2182 963,2181 963,2180 964,2179 964,2176 965,2175 965,2173 966,2172 966,2171 967,2171 968,2171 969,2170 971,2170 972,2171 972,2172 973,2173 973,2177 974,2178 1014,2177 1014,2178 1014,2179 1016,2180 1032,2180 1033,2181 1035,2181 1036,2182 1090,2182 1091,2181 1104,2181 1104,2180 1104,2173 1105,2172 1105,2168 1107,2166 1107,2165 1109,2164 1110,2164 1112,2161 1112,2160 1113,2160 1116,2160 1117,2159 1118,2159 1119,2158 1123,2162 1175,2161 1176,2160 1177,2160 1178,2159 1179,2160 1181,2160 1182,2162 1182,2164 1183,2164 1209,2164 1209,2165 1209,2167 1210,2167 1250,2167 1251,2166 1252,2167 1255,2167 1255,2167 1255,2174 1256,2175 1318,2174 1318,2174 1318,2167 1319,2166 1320,2166 1320,2166 1320,2163 1321,2162 1324,2162 1325,2164 1325,2176 1326,2176 1390,2176 1390,2175 1390,2166 1393,2164 1394,2164 1395,2163 1396,2163 1396,2162 1396,2161 1401,2157 1402,2157 1402,2156 1402,2155 1403,2155 1409,2155 1410,2154 1411,2154 1411,2154 1411,2155 1412,2156 1412,2172 1413,2173 1415,2173 1418,2176 1536,2175 1536,2174 1536,2169 1537,2168 1537,2165 1538,2164 1538,2163 1540,2161 1540,2160 1544,2157 1545,2157 1546,2158 1547,2158 1547,2158 1547,2159 1548,2160 1548,2163 1549,2164 1550,2164 1552,2166 1554,2166 1555,2167 1556,2167 1557,2168 1558,2168 1559,2169 1560,2169 1562,2171 1563,2171 1565,2173 1622,2172 1623,2171 1674,2171 1675,2170 1677,2170 1677,2170 1677,2169 1679,2167 1680,2167 1680,2166 1680,2165 1682,2164 1683,2164 1684,2163 1686,2163 1687,2161 1687,2160 1689,2159 1691,2159 1692,2158 1693,2158 1694,2157 1697,2157 1698,2156 1701,2156 1703,2154 1704,2154 1705,2153 1718,2153 1719,2152 1720,2153 1728,2153 1730,2155 1752,2155 1753,2156 1756,2155 1758,2158 1758,2165 1759,2165 1836,2165 1838,2162 1838,2161 1841,2159 1842,2159 1843,2158 1845,2158 1845,2158 1845,2160 1847,2162 1849,2162 1849,2162 1849,2163 1850,2164 1853,2164 1855,2166 1857,2166 1858,2167 1899,2167 1900,2168 1901,2168 1902,2169 1902,2180 1903,2181 1904,2211 1905,2212 1905,2217 1904,2218 1903,2218 1903,2218 1903,2219 1902,2220 1902,2221 1900,2223 1900,2224 1899,2225 1898,2225 1895,2228 1854,2228 1853,2229 1803,2229 1803,2230 1803,2239 1802,2239 1802,2239 1802,2231 1801,2230 1750,2231 1749,2232 1748,2232 1747,2233 1746,2234 1746,2235 1745,2236 1744,2236 1743,2237 1742,2237 1740,2239 1735,2239 1734,2240 1733,2240 1732,2241 1723,2241 1722,2242 1710,2242 1709,2241 1705,2241 1704,2240 1703,2240 1702,2239 1697,2239 1694,2236 1672,2236 1671,2235 1669,2235 1669,2235 1669,2227 1668,2226 1626,2226 1624,2228 1505,2229 1505,2230 1505,2231 1503,2232 1502,2232 1501,2233 1498,2233 1497,2232 1472,2232 1472,2232 1472,2229 1471,2228 1409,2229 1409,2229 1409,2230 1408,2231 1408,2232 1407,2233 1406,2233 1405,2234 1404,2234 1404,2233 1404,2232 1403,2232 1345,2232 1344,2233 1341,2233 1340,2234 1339,2233 1315,2233 1314,2232 1314,2231 1313,2230 1313,2229 1312,2228 1258,2229 1258,2229 1258,2230 1257,2231 1196,2231 1196,2232 1196,2243 1195,2243 1194,2243 1194,2244 1194,2247 1192,2248 1189,2248 1188,2249 1187,2249 1187,2250 1187,2251 1186,2251 1185,2251 1184,2252 1180,2252 1178,2250 1178,2249 1177,2248 1177,2234 1176,2233 1164,2233 1163,2232 1082,2233 1081,2234 1080,2234 1079,2235 1040,2235 1039,2236 1028,2236 1028,2237 1028,2239 1026,2240 1026,2240 1026,2236 1025,2235 1010,2235 1009,2234 1008,2234 1008,2234 1008,2233 1006,2231 1004,2231 1004,2231 1004,2229 1003,2228 1003,2227 1001,2225 949,2226 949,2226 949,2229 948,2230 948,2231 947,2232 947,2235 946,2236 946,2237 945,2238 945,2241 942,2244 939,2244 936,2241 884,2241 883,2242 881,2242 879,2244 878,2244 877,2246 877,2247 875,2248 869,2248 869,2249 869,2253 866,2255 864,2255 863,2256 862,2256 861,2255 861,2247 860,2246 860,2240 859,2239 779,2240 779,2240 779,2249 778,2250 778,2255 776,2257 771,2257 770,2258 761,2258 757,2254 757,2243 756,2242 745,2242 745,2242 745,2241 744,2240 684,2241 683,2242 681,2242 680,2243 679,2243 675,2247 674,2247 673,2248 668,2248 667,2249 657,2249 656,2250 647,2250 646,2249 644,2249 643,2248 638,2248 637,2247 635,2247 634,2246 630,2246 629,2245 627,2245 626,2244 625,2244 622,2241 621,2241 620,2240 619,2240 616,2237 615,2237 614,2236 562,2236 558,2241 558,2242 557,2242 554,2242 553,2241 526,2242 525,2241 430,2241 429,2240 429,2239 428,2238 426,2238 425,2237 370,2238 369,2239 369,2240 368,2241 368,2247 367,2248 367,2250 366,2251 366,2252 363,2255 340,2255 338,2257 336,2257 336,2256 336,2255 335,2254 335,2244 334,2243 334,2242 333,2242 243,2242 242,2243 237,2243 237,2244 237,2265 236,2265"/>
        <TextEquiv index="0">
          <Unicode>auff dem Schlo&#223; / welches neben der Stadt</Unicode>
        </TextEquiv>
        <TextEquiv index="1">
          <Unicode>auff dem Schlo&#223; / welches neben der Stadt</Unicode>
        </TextEquiv>
      </TextLine>
      <TextLine id="l92">
        <Coords points="432,2366 430,2364 430,2362 429,2361 356,2362 356,2361 355,2347 355,2347 293,2347 292,2346 248,2346 246,2345 246,2344 246,2343 245,2342 244,2342 243,2341 234,2341 233,2341 233,2340 233,2339 232,2339 229,2337 229,2305 228,2304 228,2303 229,2302 229,2299 231,2297 231,2296 232,2295 232,2293 234,2291 234,2266 234,2265 1111,2260 1112,2259 1131,2259 1132,2258 1133,2258 1134,2257 1137,2257 1138,2256 1139,2257 1151,2256 1152,2257 1158,2257 1160,2259 1160,2260 1160,2260 1161,2260 1162,2261 1435,2260 1436,2260 1436,2261 1436,2262 1444,2262 1445,2263 1559,2262 1560,2262 1560,2268 1560,2269 1562,2269 1563,2269 1563,2270 1563,2271 1564,2271 1565,2272 1567,2272 1568,2273 1570,2273 1572,2275 1573,2275 1574,2276 1879,2274 1880,2274 1880,2311 1881,2312 1899,2312 1902,2315 1903,2315 1904,2316 1904,2324 1904,2325 1903,2325 1901,2327 1899,2327 1898,2328 1882,2328 1881,2328 1881,2330 1881,2331 1869,2331 1868,2332 1782,2332 1779,2335 1779,2336 1778,2337 1777,2337 1776,2338 1487,2340 1486,2341 1486,2349 1484,2351 1483,2351 1481,2353 1482,2355 1481,2355 1480,2355 1479,2356 1478,2356 1477,2357 1470,2357 1469,2356 1468,2356 1466,2354 447,2361 445,2363 444,2363 443,2364 442,2364 441,2365 434,2365 433,2366"/>
        <TextEquiv index="0">
          <Unicode>ver&#383;chantzet worden. Mittwochs den 11. 21.</Unicode>
        </TextEquiv>
        <TextEquiv index="1">
          <Unicode>ver&#383;chantzet worden. Mittwochs den 11. 21.</Unicode>
        </TextEquiv>
      </TextLine>
      <TextLine id="l93">
        <Coords points="228,2368 1906,2357 1907,2463 229,2474"/>
        <TextEquiv index="0">
          <Unicode>Martii fielen die Frantzo&#383;en bey 2000. &#383;tarck</Unicode>
        </TextEquiv>
        <TextEquiv index="1">
          <Unicode>Martii fielen die Frantzo&#383;en bey 2000. &#383;tarck</Unicode>
        </TextEquiv>
      </TextLine>
      <TextLine id="l94">
        <Coords points="939,2577 934,2577 933,2576 928,2576 927,2575 926,2575 924,2573 922,2573 920,2571 339,2575 338,2573 338,2561 337,2561 281,2561 280,2560 243,2560 242,2559 241,2559 240,2558 239,2558 238,2557 237,2557 236,2556 231,2556 230,2555 230,2554 229,2553 229,2550 228,2549 229,2548 229,2518 230,2517 229,2498 230,2497 230,2492 231,2491 231,2490 234,2487 234,2477 235,2476 235,2477 235,2478 236,2478 237,2478 238,2479 1399,2472 1400,2471 1401,2472 1777,2469 1778,2470 1827,2470 1827,2471 1827,2487 1828,2487 1868,2487 1870,2489 1870,2490 1871,2491 1871,2493 1872,2494 1874,2494 1874,2494 1874,2497 1875,2498 1875,2504 1876,2505 1895,2505 1895,2505 1896,2508 1897,2509 1897,2519 1897,2520 1898,2520 1900,2521 1900,2524 1897,2527 1897,2528 1894,2531 1893,2531 1892,2532 1892,2533 1891,2534 1889,2536 1888,2536 1885,2539 1874,2539 1872,2541 1870,2541 1867,2544 1867,2545 1865,2547 1691,2548 1689,2550 1083,2554 1083,2554 1083,2557 1081,2559 957,2560 957,2560 957,2565 953,2569 953,2570 951,2572 951,2574 950,2575 947,2575 946,2576 943,2576 942,2577 941,2577 940,2578"/>
        <TextEquiv index="0">
          <Unicode>die&#383;en Ort vor Tag an / wurden aber mit blu&#11799;</Unicode>
        </TextEquiv>
        <TextEquiv index="1">
          <Unicode>die&#383;en Ort vor Tag an / wur den aber mit blu&#11799;</Unicode>
        </TextEquiv>
      </TextLine>
      <TextLine id="l95">
        <Coords points="1711,2708 1711,2707 1711,2701 1710,2701 1584,2702 1583,2700 1583,2694 1582,2694 1525,2694 1525,2694 1525,2691 1524,2690 1281,2692 1281,2691 1281,2682 1280,2682 992,2684 991,2683 982,2683 978,2678 978,2676 976,2674 976,2671 975,2671 639,2673 639,2673 639,2682 637,2684 635,2684 635,2684 635,2685 634,2686 561,2686 559,2688 553,2688 552,2687 552,2685 551,2684 294,2686 293,2685 290,2685 289,2684 287,2684 285,2682 284,2682 284,2682 284,2681 282,2679 282,2678 281,2677 281,2669 280,2668 241,2668 239,2666 238,2666 235,2663 234,2663 233,2662 231,2662 229,2661 229,2660 229,2659 228,2660 226,2658 226,2655 225,2654 225,2648 226,2647 226,2620 227,2619 227,2617 230,2614 233,2614 235,2612 236,2612 236,2612 236,2610 238,2608 239,2608 239,2608 239,2607 240,2606 241,2606 243,2604 244,2604 244,2604 244,2603 246,2601 247,2601 248,2600 273,2600 273,2600 273,2595 274,2594 274,2593 277,2590 449,2589 451,2587 453,2587 453,2586 461,2586 462,2585 463,2585 464,2584 473,2584 474,2585 477,2585 478,2586 658,2585 660,2586 662,2586 663,2587 668,2587 669,2588 1220,2584 1220,2583 1286,2583 1289,2580 1292,2580 1293,2579 1295,2579 1296,2578 1319,2577 1320,2576 1324,2576 1325,2577 1328,2577 1329,2578 1331,2578 1332,2579 1362,2579 1366,2583 1708,2581 1712,2577 1713,2577 1715,2575 1717,2575 1718,2574 1719,2574 1721,2572 1723,2572 1724,2571 1736,2571 1737,2570 1743,2570 1744,2571 1747,2571 1748,2572 1749,2572 1750,2573 1785,2572 1787,2574 1787,2575 1789,2577 1789,2580 1789,2580 1846,2580 1848,2581 1848,2586 1850,2588 1852,2588 1852,2588 1853,2589 1853,2590 1854,2591 1854,2592 1856,2594 1860,2594 1861,2595 1867,2595 1867,2595 1867,2596 1870,2599 1870,2600 1871,2601 1871,2602 1873,2604 1873,2605 1874,2606 1905,2606 1906,2607 1906,2628 1905,2629 1905,2632 1902,2636 1901,2636 1898,2639 1897,2639 1896,2640 1895,2640 1893,2641 1893,2642 1893,2643 1892,2643 1890,2644 1890,2645 1884,2651 1884,2652 1883,2654 1852,2654 1850,2656 1808,2656 1805,2659 1790,2659 1790,2660 1790,2700 1788,2701 1713,2702 1713,2702 1713,2707 1712,2708"/>
        <TextEquiv index="0">
          <Unicode>tigen K&#246;pffen / und Hinterla&#383;&#383;ung vieler Tod&#11799;</Unicode>
        </TextEquiv>
        <TextEquiv index="1">
          <Unicode>tigen K&#246;pffen / und Hinterla&#383;&#383;ung vieler Tod&#11799;</Unicode>
        </TextEquiv>
      </TextLine>
      <TextLine id="l96">
        <Coords points="227,2693 1010,2688 1011,2794 228,2799"/>
        <TextEquiv index="0">
          <Unicode>ten abgewie&#383;en.</Unicode>
        </TextEquiv>
        <TextEquiv index="1">
          <Unicode>ten abgewie &#383;en.</Unicode>
        </TextEquiv>
      </TextLine>
      <TextEquiv>
        <Unicode/>
      </TextEquiv>
    </TextRegion>
    <TextRegion id="r9" orientation="0.0" type="paragraph">
      <Coords points="705,3026 705,2837 1419,2837 1419,3026"/>
      <TextLine id="l97">
        <Coords points="715,2837 1412,2837 1412,3017 715,3017"/>
        <TextEquiv index="0">
          <Unicode>Bertringen.</Unicode>
        </TextEquiv>
        <TextEquiv index="1">
          <Unicode>Bertringen.</Unicode>
        </TextEquiv>
      </TextLine>
      <TextEquiv>
        <Unicode/>
      </TextEquiv>
    </TextRegion>
    <TextRegion id="r10" orientation="0.0" type="paragraph">
      <Coords points="774,4057 774,3855 1341,3855 1341,4057"/>
      <TextLine id="l98">
        <Coords points="807,3870 1306,3870 1306,4046 807,4046"/>
        <TextEquiv index="0">
          <Unicode>Billiche.</Unicode>
        </TextEquiv>
        <TextEquiv index="1">
          <Unicode>Billiche.</Unicode>
        </TextEquiv>
      </TextLine>
      <TextEquiv>
        <Unicode/>
      </TextEquiv>
    </TextRegion>
    <TextRegion id="r11" type="page-number">
      <Coords points="3434,527 3434,392 3629,392 3629,527"/>
      <TextEquiv>
        <Unicode>42</Unicode>
      </TextEquiv>
    </TextRegion>
    <TextRegion id="r12" type="header">
      <Coords points="460,345 3367,341 3369,498 3365,532 2713,526 2709,539 2648,547 2630,531 2246,534 2241,548 2173,547 2155,523 2001,518 1965,545 1903,526 1189,524 1132,548 1095,524 623,530 515,552 456,519 464,345"/>
      <TextEquiv>
        <Unicode/>
      </TextEquiv>
    </TextRegion>
    <TextRegion id="r13" type="catch-word">
      <Coords points="3431,6212 3431,6090 3601,6090 3601,6212"/>
      <TextEquiv>
        <Unicode/>
      </TextEquiv>
    </TextRegion>
    <TextRegion id="r14" type="signature-mark">
      <Coords points="2850,6218 2850,6083 3046,6083 3046,6218"/>
      <TextEquiv>
        <Unicode/>
      </TextEquiv>
    </TextRegion>
    <TextRegion id="r15" type="paragraph">
      <Coords points="219,3076 1908,3059 1910,3167 389,3186 366,3259 214,3255 219,3076"/>
      <TextEquiv>
        <Unicode/>
      </TextEquiv>
    </TextRegion>
    <TextRegion id="r16" type="paragraph">
      <Coords points="228,4071 1909,4059 1909,4153 411,4195 393,4266 223,4283 227,4071"/>
      <TextEquiv>
        <Unicode/>
      </TextEquiv>
    </TextRegion>
    <TextRegion id="r17" type="paragraph">
      <Coords points="1952,2522 3639,2530 3638,2638 2083,2631 2082,2710 1940,2709 1950,2523"/>
      <TextEquiv>
        <Unicode/>
      </TextEquiv>
    </TextRegion>
    <TextRegion id="r18" type="paragraph">
      <Coords points="3646,3628 1935,3623 1938,3826 2085,3810 2105,3746 2534,3734 2696,3739 2805,3726 3436,3741 3644,3731 3648,3629"/>
      <TextEquiv>
        <Unicode/>
      </TextEquiv>
    </TextRegion>
  </Page>
</PcGts>