3870 6490
234 435 1912 571 det; welches gleichwol wider ſeinen Willen ge⸗
230 555 1886 680 ſchehen; daher die von Boppart ihme / und
244 661 1889 789 ſeiner Kirchen ewigen Gehorſam und Treu
245 774 1891 900 geſchworen / und ihren Rechten / Freyheiten
245 883 1889 1006 und Privilegien renunciirt: Und als ſie Anno
247 994 1891 1114 1494. wieder heimlich unterſchiedliche Privile-
211 1096 1890 1228 gia, zu Schmälerung deß Ertzbiſchoffs
247 1213 1892 1330 Rechts außgebracht / hat Ertzbiſchoff Johan-
253 1322 1893 1440 nes, ein Marggraf von Baden / die Stadt
250 1433 1891 1546 abermals belägert / und ſie ihme zu huldigen
250 1541 1895 1657 und zu ſchwehren gezwungen / die aber wieder
253 1645 1897 1768 gewichen iſt; wie in der Trieriſchen Chronick
256 1758 1890 1875 im fünffzehenden Theil / am 208. Blat ſtehet.
255 1863 1887 1980 Anderswo wird geleſen / daß gedachter Ertzbi⸗
259 1976 1883 2095 ſchoff Balduinus allhie ein Schloß erbauet /
254 2083 1889 2198 und den Zoll angerichtet habe; deßwegen auch
254 2192 1894 2301 Stadt den Reyſenden ſonderlich bekannt iſt.
252 2300 1898 2415 Vor die fürnehmſte Kirch wird die zu S. Seve-
251 2407 1894 2523 ro gehalten / ſo Sauer am 255. Blat zu S.
260 2516 1901 2622 Severin nennet. Im Carmeliten Kloſter ſol⸗
257 2628 1901 2735 len viel groſſe Herrn und Edelleut begraben li⸗
210 2735 1906 2851 gen. Beſihe was Freher. part. 2. Origin. Pa-
259 2845 1901 2952 lat. cap. 2. von den Reliquien eines Königli⸗
260 2952 1904 3061 chen Palaſts bey dieſer Stadt / ſo man deß
265 3057 1904 3165 Königs Hauß nennet / ſchreibet: Deren auch
266 3167 1907 3275 G. Braun in dem vierdten Theil deß Städt⸗
254 3275 1901 3388 buchs / und Caſparus Ens in deliciis apodem.
259 3389 1900 3495 am 122. Blat / gedencken; daſelbſten ſtehet /
254 3494 1898 3603 daß es in obgedachter andern Belägerung (die
255 3605 1899 3715 gemeldter Ens ins tauſend vierhundert ſieben
257 3713 1901 3822 und neuntzigſte Jahr ſetzet / und ſolche dem
257 3816 1901 3932 Marggrafen von Brandenburg zuſchreibet)
260 3930 1902 4040 von denen zu Boppart / damit ſolches dem
259 4036 1902 4149 Feinde nicht zu Nutzen käme / angezündet
259 4144 1901 4259 worden ſeye; So denen Feyherrn gehöre / wel⸗
262 4248 1905 4372 der gemeine Mann / die Bayrherrn von Bop⸗
264 4367 1906 4476 part nenne / ſo viel Schlöſſer in Lothringen
253 4473 1909 4588 haben; daſelbſten ſie auch meiſtentheils zu woh⸗
265 4580 1904 4697 nen pflegen. Der Bach / ſo bey ſolchem Hauß
263 4688 1904 4807 vorüber laufft / werde daher die Königsbach
260 4801 1902 4917 genannt; und habe ſeinen Urſprung auß den
264 4906 1901 5025 nächſten der Stadt gehörigen Wälden; wel⸗
264 5017 1902 5139 chen er auch nutz ſeye / weiln er ſieben Mühlen
261 5122 1905 5250 treibe. Auſſer der Stadt iſt unſer Frauen Klo⸗
259 5231 1900 5345 ſter / darinnen Nonnen / Benedictiner Or⸗
264 5348 1900 5469 dens / wie in dem beſagten Städtbuch G.
265 5444 1899 5577 Braunen ſtehet; und welches Kloſter auff ei⸗
260 5564 1901 5690 nem Berglein / ein wenig vom Rhein / ober⸗
258 5664 1894 5805 halb der Stadt gelegen / auch Gaſpar Bruſch
262 5777 1895 5907 beſchreibet. Und findet ſich noch ein anders
259 5880 1892 6016 Nonnen⸗Klöſterlein / nahend dieſem / der drit⸗
258 5995 1894 6147 ten Regul S Franciſci, zu S. Martin genant;
2136 2182 3615 2306 Onfluentia, oder Confluentes, ein alte /
2135 2305 3615 2432 ſchöne / wolerbaute und volckreiche
1940 2410 3615 2538 Stadt / ſonderlich vor dem Deutſchen Krieg /
1943 2523 3615 2646 ſo den Namen vom Zuſammenflieſſen hat /
1945 2639 3612 2757 weiln allda das berühmte Waſſer / die Moſel /
1948 2746 3614 2864 in den Rhein kommet. Es wird dieſes Orts
1930 2854 3613 2978 allbereit in dem Itinerario Antonini gedacht.
1950 2962 3614 3088 Ligt gar luſtig / auff einem fruchtbaren Bo⸗
1951 3077 3616 3194 den / und hat es auff den Bergen und Hügeln
1946 3176 3618 3305 herumb guten Weinwachs. Die Bürger all⸗
1949 3289 3616 3414 da ſeyn freundlich / höflich und auffrichtig.
1948 3392 3614 3518 Gibt ein feines Gewerb allhie / weiln die
1942 3504 3611 3635 Stadt an gedachten zwey Hauptflüſſen / drey⸗
1942 3614 3616 3741 zehen Meilen unter Trier / und recht mitten
1942 3726 3614 3851 zwiſchen Mayntz und Cöllen gelegen. An der
1949 3829 3611 3968 Moſel her iſt ſie ſonderlich wol bewohnt / und
1947 3950 3610 4076 mit ſchönen wolgezierten Häuſern anſehen⸗
1946 4059 3612 4181 lich. Hat zwey Stiffts⸗Kirchen / etliche Klö⸗
1952 4167 3610 4296 ſter / ein Deutſches Hauß; ein anſehenliches
1949 4273 3611 4402 Fürſtliches Palatium, vor deß Herrn Ertzbi⸗
1953 4386 3609 4521 ſchoffen zu Trier Wohnung / wann Ihre
1956 4493 3607 4631 Churfürſtliche Gnaden ſich bißweilen allhie
1950 4603 3608 4758 auff halten; und ein anſehenliche Brück über
1947 4708 3603 4851 die Moſel von Quaderſteinen erbauet und ge⸗
1953 4826 3606 4955 wölbet. Gegen über / auff der rechten Seiten
1948 4935 3606 5073 deß Rheins / zu höchſt auff dem Berg / ligt das
1945 5046 3604 5183 veſte Schloß Ehrenbretſtein oder Ehrenbreit⸗
1950 5152 3612 5293 ſtein / ſo man insgemein nach dem Ertzbiſchoff
1947 5265 3613 5403 Hermanno, der es erweitert / Hermanſtein
1946 5387 3608 5514 nennet / darauff noch etliche Stück von deß
1946 5483 3600 5625 Frantzen von Sickingen Kriegs⸗Rüſtungen
1941 5602 3599 5714 zu ſehen ſeyn ſollen: Wie von Hermanno
1941 5711 3598 5841 Ortelius in Itinerario pag. 342. von dem letz⸗
1936 5827 3611 5960 ten aber Caſpar Lerch de Ordin. equeſtri
1936 5930 3599 6074 German. in fundam. 2. Summar. 144. ſchrei⸗
1936 6039 2062 6147 bet.
2510 2013 3031 2195 Coblentz.
1907 410 3663 545 da gegen über an dem andern Geſtad deß
1908 542 3663 662 Rheins / auch dieſes Franciſcaner Ordens /
1908 648 3663 771 und Profeſſion ein Kloſter / Namens Camp /
1908 764 3663 881 geſetzt wird; davon wir aber anderſt keinen
1908 874 3664 987 bericht haben. Anno 1631. iſt Boppart von
1909 983 3664 1099 den Schwediſchen eingenommen worden / ſo
1909 1093 3664 1208 im folgenden 32. Jahr die Spaniſchen wieder
1909 1200 3664 1317 erobert haben. Unter den Geſchichten deß
1909 1307 3665 1434 Jahrs 1646. iſt einkommen / wie daß damaln
1910 1423 3665 1539 ſich die Frantzoſen deß Städtleins Roer /
1910 1533 3665 1646 zwiſchen Poppart und Coblentz / bemächtiget
1910 1645 3665 1754 hätten; von welchem ich ſonſten nichts finden
1910 1749 3665 1867 kan. Mag vielleicht in dem Namen geirret
1910 1862 3666 1986 ſeyn / und darfür Reens geſetzt werden ſollen.
