3870 6490
201 430 1976 561 Wir wollen aber auch vernehmen / was an⸗
202 546 1976 671 dere von der Stadt und dem Schloß ſagen.
202 664 1977 782 Und zwar / ſo meldet erſtlich die Trieriſche
203 778 1977 893 Chronick Kyriandri, im eilfften und fünffze⸗
203 890 1978 1005 henden Theil / daß der LXIV. Biſchoff zu
204 999 1978 1112 Trier Hetto, oder Hettingus allhie das Clo⸗
204 1110 1979 1225 ſter der regulirten Chorherrn geſtifftet / in wel⸗
205 1218 1979 1332 ches er S. Caſtoris Cörper gethan / welche
205 1329 1980 1447 Kirch auch zu S. Caſtor genannt werde / dar⸗
206 1432 1980 1555 inn der Ertzbiſchoff Cuno, ſo Anno 1388.
206 1550 1981 1664 und Wernerus, ſo Anno 1418. geſtorben / ru⸗
207 1655 1981 1773 hen. Ferners / habe es allhie S. Florini, deß
207 1764 1982 1878 Beichtigers / Stifft; in welches Kirchen /
208 1871 1982 1995 Ertzbiſchoff Jacobus, ein Marggraf von Ba⸗
208 1982 1983 2106 den / ſo Anno 1511. und Johannes IV. der An⸗
209 2094 1983 2214 no 1556. dieſe Welt geſegnet haben / begraben
209 2201 1984 2319 ligen. Der LXXXIV. Biſchoff zu Trier
210 2310 1984 2425 Hillinus, ſo Anno 1169. geſtorben / hab den
210 2418 1985 2548 Thurn auff dem Schloß Ehrenbreitſtein auß⸗
211 2528 1985 2652 gebauet / ein Ciſtern daſelbſt mit groſſen Un⸗
211 2637 1985 2763 koſten graben / das Biſchoflich Hauß wieder
212 2746 1986 2870 zurichten / und anders mehr da machen laſſen.
212 2857 1986 2983 Ertzbiſchoff Arnoldus, ſo Anno 1260. geſtor⸗
213 2956 1987 3089 ben / hab Coblentz / ſo gleichſam wie ein Flek⸗
213 3074 1987 3193 ken / jederman offen geſtanden / mit einem
213 3181 1988 3314 Wall und Zaun umbgeben / und zum theil
214 3296 1988 3417 mauren laſſen. Sein Nachfolger Henricus,
214 3395 1989 3529 hab dieſe Stadt mehrers mit ſtarcken Mauren
215 3509 1989 3634 beveſtiget: Deme ſich aber zwey Jahr hernach
215 3617 1990 3748 die Bürger allhie widerſetzet / die er mit Kriegs⸗
216 3730 1990 3857 macht überzogen / ſeine Widerſacher vertrie⸗
216 3838 1991 3968 ben / die Stadt mit Gewalt erobert / und ein
217 3951 1991 4088 veſtes Schloß daſelbſt zu bauen angefangen.
217 4058 1992 4186 Alſo hab auch Ertzbiſchoff Dieterich von
218 4168 1992 4292 Naſſau / ſo Anno 1307. geſtorben / die Rebelli⸗
218 4276 1993 4400 ſche Coblentzer zum Gehorſam gebracht. Sein
219 4386 1993 4518 Nachfahr Baldewinus von Lützenburg / hab
219 4487 1994 4617 neben Coblentz das Stifft S. Beati von zwölff
220 4610 1994 4736 Domherrn angerichtet: Folgends auch eine
220 4720 1995 4844 Carthauſen bey S. Beato, und eine Brück über
221 4823 1995 4950 die Moſel erbauet: Hernach habe Ertzbiſchoff
221 4940 1996 5066 Otto das Caſtell neben der Brücken / ſo nun
222 5050 1996 5174 vom alter nicht mehr in acht genommen wor⸗
222 5157 1996 5281 den / wieder gebauet. Ertzbiſchoff Jacobus von
223 5262 1997 5395 Sirck / (Serico) habe das Kloſter der Minori⸗
223 5378 1997 5503 ten allhie reformirt; den Hof zu Coblentz / bey
223 5487 1998 5610 der Kirch S. Forini, ſo faſt zerfallen / habe Ertz⸗
224 5598 1998 5723 biſchoff Johannes, ſo Anno 1503. geſtorben /
224 5700 1999 5837 ſtattlich reparirt; wie auch das Caſtell daſelbſt;
225 5818 1999 5946 und auff Ehrenbreitſtein innerhalb drey Jah⸗
225 5930 2000 6053 ren einen Bronnen viertzig Elen tieff / durch
226 6046 2000 6187 einen in den Felſen gemachten Gang / ſo ein
1998 461 3663 584 fürnehmes Werck / machen laſſen / daß daſelbſt
2002 570 3656 686 das Waſſer quellet / daran ſelbiges Schloß zu⸗
1999 676 3649 798 vor Mangel hatte. Und dann / ſo habe Johan-
1983 789 3653 905 nes a Petra, dieſes Namens der fünffte Ertzbi⸗
1998 890 3649 1018 ſchoff / ſo Anno 1567. geſtorben / die von Cob⸗
1980 1009 3652 1124 lentz Anno 1561. zum Gehorſam gebracht.:
1995 1114 3648 1239 Und dieſes ſagt gemeldte Chronick. Marq.
1994 1225 3646 1345 Freherus in Comment. über Auſonii Mo-
1974 1338 3648 1450 ſellam ſchreibet am 108. Blat: Daß dieſes
1972 1436 3644 1559 Orts / ſo viel die Stadt anbelanget / in der No-
1972 1556 3641 1675 ticia Imperii beym Marcellino, und in den
1970 1662 3639 1778 Annal. Franc. Ann. 882. als eines Römiſchen
1967 1773 3640 1887 Wercks / gedacht werde: Aber das Caſtell am
1965 1879 3642 1998 Teutſchen Geſtad ſeye nicht anders als mit
1964 1991 3643 2106 dieſem alten Namen / Ehrenbreitſtein / gleich⸗
1980 2094 3640 2219 ſam Erenberti⸗Caſtell / oder Erenbertsſtein /
1961 2211 3634 2324 bekandt; wiewol er nicht zweiffele / daß ſolches
1959 2303 3633 2432 Schloß auch von den Römern erbauet / und zu
1958 2430 3627 2540 einer Beſatzung gebraucht worden ſeye. Jo⸗
1970 2533 3630 2647 hann Bange / in der Thüringiſchen Chronick /
1973 2649 3628 2756 pag. 81. a. ſagt / daß gedachtes Schloß Her⸗
1952 2754 3628 2870 manſtein Anno 1215. wider die Widderaui⸗
1950 2854 3626 3004 ſche (Wetterauiſche) Grafen wäre erbauet
1948 2972 2386 3092 worden.
1946 3092 3629 3252 Was Munſterus von dieſem Ort / und
1946 3236 3628 3360 daß die Fiſch allhie theuer ſeyen / ſchreibet / das
1943 3351 3625 3465 mag man bey ihme leſen: Und ſetzet das jenige /
1941 3460 3619 3575 was oben von der Uneinigkeit deß Ertzbi⸗
1962 3567 3618 3689 ſchoffs Dietheri, und der Coblentzer gemeldet
1956 3677 3615 3791 worden / Johannes Trithemius ins 1305.
1943 3787 3619 3899 Jahr / wie in ſeiner Hirſchauiſchen und Spon⸗
1956 3893 3622 4037 heimiſchen Chronick hievon mit mehrerm zu
1940 4007 2261 4124 ſehen iſt.
2009 4143 3613 4273 Anno 1347. wurden die von Coblentz jäm⸗
1950 4277 3610 4384 merlich erſchlagen / und niedergeworffen bey
1935 4380 3610 4492 Grenſau / und verblieben ihrer todt 172. Man̄ /
1951 4487 3614 4611 und wurden darzu ſieben gefangen / das thäte
1955 4604 3651 4717 Reichard / Herr zu Weſterburg; wie in der
1953 4703 3650 4823 Limpurgiſchen Chronick am 4. Blat ſtehet.
1954 4825 3608 4934 Anno 1396. im Hornung / war ein groſſes Ge⸗
1949 4934 3607 5047 wäſſer allhie / alſo / daß man mit Schiffen fuhr
1948 5041 3602 5150 in S. Conſtantin Straſſen / auff den Korn⸗
1947 5154 3600 5269 marckt an die Brücke / da man gehet über den
1950 5264 3596 5378 Graben zu S. Florian / und gieng in die Kir⸗
1949 5371 3596 5481 che / und Kloſter in die Barfuſſen / und durch
1944 5483 3595 5591 den Creutzgang. Ibid. fol. 55. Anno 1397. ver⸗
1944 5595 3598 5702 brannten zu Coblentz mehr als zweyhundert
1942 5703 3595 5817 Gehäuß. Das Feuer thät ein Ritter anſtoſſen
1938 5812 3590 5927 von Ehrenberg / der war ihr Feind. In derſel⸗
1939 5923 3593 6036 bigen Zeit verbrannt Beckelnheim in dem
1939 6034 3587 6149 Stifft zu Trier / beynahe zumal: Das thät
