3870 6490
247 424 1930 564 auch der vorgenannte Ritter von Ehrenberg /
256 538 1714 660 der beſtellte / daß es geſchach. Ibid. fol. 57.
422 613 1930 768 Anno 1632. zu Außgang deß Monats
259 757 1909 884 Mayen / hat der H. Churfürſt von Trier / als
263 864 1915 996 er ſich in deß Königs auß Franckreich Schutz
259 977 1909 1103 begeben / die gedachte Veſtung Ehrenbreit⸗
259 1088 1929 1216 ſtein den Frantzoſen eingeraumt / und haben die
259 1187 1929 1319 Schwediſchen den 21. Junii hernach die Stadt
260 1299 1928 1426 Coblentz / darinn Spanier lagen / auch erobert /
262 1407 1928 1530 und den Frantzoſen ingleichem überlaſſen:
240 1521 1928 1648 Welche Spanier darauff auch Montebaur /
258 1625 1928 1759 Engers / Hamerſtein / Lohnſtein / Lahrneck und
267 1736 1928 1865 andere Ort quittirt haben; und wurden nicht
268 1841 1927 1976 weniger den Frantzoſen auch Poppart und O⸗
264 1957 1927 2080 ber⸗Weſel / übergeben: Und hat den 10. Julii
266 2066 1932 2192 der Feldmarſchall Horn das veſte Hauß
259 2179 1937 2303 Graffenburg (wie es in Schrifften genannt
265 2285 1942 2413 worden (uns aber ſonſten unbekandt iſt) bey
264 2395 1943 2518 Trarbach an der Moſel / darinn ebenfals
268 2506 1938 2632 Spanier lagen) mit Accord erobert. Anno
281 2615 1930 2740 1636. im Früling / haben die Kaiſeriſch⸗ und
271 2734 1917 2850 Spaniſche Coblentz wieder bekommen / und
270 2837 1919 2953 darauff obgedachtes veſtes Schloß Ehren⸗
269 2947 1924 3066 breitſtein blocquirt gehalten: Alſo / daß ſich ſol⸗
228 3054 1920 3173 ches Anno 37. im Sommer / (weiln die Man̄⸗
238 3166 1920 3283 ſchafft und Victualien / unangeſehen / daß ſel⸗
273 3276 1922 3392 biges durch ſondern Liſt und Behendigkeit
272 3387 1921 3497 von Hanau auß / zu Waſſer / vorhero etwas
266 3498 1919 3613 Proviant / und andere nothwendige Sachen
267 3607 1920 3716 bekommen / abgangen) durch Accord an den
270 3717 1913 3830 Herrn Churfürſten von Cöln ergeben hat /
268 3827 1920 3936 und die geringe Beſatzung / ſam̄t dem Com⸗
273 3935 1911 4044 mendanten Saludi, nach Orſoy convoirt wor⸗
271 4041 1910 4157 den iſt. Folgends iſt ſolche Veſtung von Ihr.
273 4148 1913 4268 Kaiſerlichen Majeſtät beſetzt worden / und hat
270 4263 1916 4376 alſo Kaiſerliche Beſatzung forthin gehabt. Es
275 4374 1915 4484 ſeyn aber Anno 1642. im Januario / auff ei⸗
257 4484 1929 4594 nes groſſen Thurns obern Gemachen fünffzig
273 4593 1921 4707 Centner Pulvers / unbewuſt männiglichs /
279 4704 1931 4825 wie / und woher / angegangen / ſo das obere
282 4812 1926 4929 Theil Thurns in die Lufft geſprenget / Dä⸗
284 4920 1734 5042 cher und Gebäu herumb beſchädiget hat.
362 5031 1921 5151 Ob nun durch gemeldtes Schloß / die
278 5135 1922 5257 Coblentzer in Gehorſam erhalten / und von
204 5250 1924 5368 beyden Flüſſen / dem Rhein und der Moſel / die
277 5356 1922 5479 unangenehme Gäſt gar leichtlich abgetrieben
284 5472 1921 5588 werden können; wie Calp. Ens, und andere
282 5583 1920 5698 darfür halten; das mag man auß den obver⸗
282 5694 1918 5814 melten Actionibus abnehmen: Welcher Ens,
258 5798 1917 5926 auch der Meynung iſt / daß ſich allhie das O⸗
279 5909 1917 6041 ber⸗ und Unter⸗Teutſchland ſcheiden / und daß
279 6012 1927 6153 die Moſel deß Ptolomæi Obrincus ſeye: Da⸗
1926 407 3622 528 mit auch P. Bertius, und andere zuſtimmen;
1926 524 3627 637 welches aber gedachtem Munſtero, nicht in
1926 634 3628 756 Kopff wil. Und ſagt Marquard Freherus in
1929 746 3629 861 Commentario über Auſonium, daß er Au-
1931 854 3630 968 ſonius in Beſchreibung der Moſel / zu den
1930 960 3631 1079 Zeiten deß Kaiſers Gratiani, niemals die Mo⸗
1928 1078 3631 1191 ſel Obrincum nenne: Und beweiſet er hernach
1929 1186 3631 1301 am 96. Blat / daß deß Ptolomæi Obrincus
1929 1295 3631 1410 nicht die Moſel / ſondern vielmehr der Mayn /
1930 1403 3630 1517 und die Stadt Mayntz / die Grentze deß erſten /
1930 1517 3634 1629 oder Obern⸗Teutſchlands / und deſſelben letz⸗
1931 1626 3635 1740 te Stadt ſeye. Deßwegen wir aber uns in kei⸗
1931 1738 3633 1849 nen Streit mit jemands einlaſſen: Sondern
1932 1846 3636 1958 allein noch dieſes auß der Vorrede / ſo einer
1933 1960 3638 2067 über beſagten deß Freheri Commentarium
1933 2074 3635 2184 gemacht hat / anhencken wollen; daß die beſag⸗
1933 2172 3636 2298 te Moſel / oberhalb der Biſchofflichen Stadt
1934 2288 3637 2406 Toul in Lothringen / entſpringe / von dannen
1934 2391 3639 2515 nach Metz / und hieher auff Trier lauffe; und
1935 2508 3637 2627 wann ſie ferners bey Numagen fürüber ge⸗
1936 2617 3636 2737 floſſen: Erſtlich / die Grafſchafft Veldentz /
1936 2730 3634 2852 hernach die Grafſchafft Spanheim (zu wel⸗
1936 2837 3632 2954 cher Tröerbach / Wolff / Traben und Encke⸗
1937 2948 3634 3070 rich gehören) bey dem Flecken Erden erlange /
1939 3057 3640 3178 und ſie durchlauffe; und ferners von Reichel
1938 3166 3637 3288 auß ihren Curs / wann ſie Winningen zurück
1938 3276 3638 3392 gelaſſen / befördere / und zu Coblentz in den
1939 3378 3636 3501 Rhein falle; nachdeme zuvor die Saar / oder
1939 3499 3631 3625 Saravus, nahend Trier ſich in dieſelbe auch er⸗
1940 3607 2337 3722 goſſen hat.
1940 3718 3634 3846 Es haben neben dem Herrn Churfürſten
1941 3827 3635 3954 zu Trier / ſo ein Herr an der Moſel genandt
1941 3939 3634 4065 wird / umbs Jahr 1619. an derſelben ihre Gü⸗
1942 4046 3634 4174 ter gehabt / Ludwig Graf von Seyn und Wit⸗
1942 4160 3643 4289 genſtein / Herr zu Hochberg: Herman Graf
1943 4269 3635 4405 von Manderſcheid: Wilhelm und Philipp
1943 4376 3631 4515 Freyherrn von Winnenberg: Herr Georg
1944 4486 3633 4627 Guſtav Pfaltzgraf zu Lautereck: Herr Georg
1944 4588 3631 4730 Wilhelm / und ſeine Herrn Brüder / Fride⸗
1945 4708 3631 4836 rich und Chriſtian / Pfaltzgrafen zu Bircken⸗
1945 4812 3632 4957 feld: Und Herr Georg Friderich / Marggr. zu
1946 4920 3632 5073 Baden / ꝛc. wie in beſagter Vorrede mit meh⸗
1947 5040 3628 5188 rerm zu leſen iſt. Es hat zu Coblentz eine
1947 5148 3625 5296 Carthauß / in welcher die heilige Noitburgis,
1948 5264 3623 5403 ſo umb das Jahr 714. geſtorben / begraben
1948 5375 3632 5506 ligt. Item / eine Abtey in der Inſel / deren Ab⸗
1949 5484 3626 5628 tiſſin Anno 1645. Frau Maria Margreth
1949 5599 3622 5735 von Reiffenberg geweſen. Item ein Jeſuiter
1950 5704 3622 5827 Collegium. Der Herr Land⸗Commenda-
1950 5820 3630 5963 tor allhie / oder die Baley Coblentz; / iſt
1971 5942 3631 6069 monatlich auff 4. zu Roß / und 20. zu Fuß /
1964 6049 3628 6194 oder 128. Gülden / angeſchlagen. Zu Unter⸗
