3870 6490
1908 3964 3271 4062 M Rhein / zwiſchen Coblentz und Ander⸗
1908 4061 3267 4155 nach / von welchem Ort gedachter Kyri⸗
1791 4153 3267 4249 ander ſchreibet: Daß Ertzbiſchoff Cuno zu
1792 4249 3274 4339 Trier / ſo Anno 1388. geſtorben / das Schloß
1793 4339 3269 4441 allhie nach ihme Conon⸗Engers genannt / mit
1795 4434 3273 4532 ſeiner Beveſtigung / neben dem Rhein / gar
1795 4522 3267 4628 ſchön erbauet habe. In der Limpurgiſchen
1795 4623 3272 4723 Chronick ſtehet am 28. Blat hievon alſo: In
1792 4714 3268 4810 derſelbigen Zeit zu Halb⸗Faſten / da ſolten die
1793 4805 3264 4901 Niderländiſche Kauffleut mit ihrem Ge⸗
1791 4900 3261 5004 wand / den Rhein aufffahren in die Meß
1790 4995 3267 5099 gen Franckfurt / da ſie kamen bey Andernach
1792 5087 3270 5187 den Rhein auff / ein Meil Wegs / da kam der
1794 5180 3272 5282 Graf von Wieth / und Velten von Iſen⸗
1794 5275 3276 5378 berg / und nahmen da den Kauffleuten mehr
1795 5369 3274 5471 dann vier tauſend Gülden werth Gewand /
2319 3839 2721 3971 Engers.
447 1392 1754 1494 N der Moſel / unterhalb Brempt und
449 1491 1753 1586 Beilſtein gelegen; davon Wilhelmus
362 1584 1752 1680 Kyriander in der Trieriſchen Chronik /
270 1677 1749 1772 fünffzehenden Theil alſo ſchreibet: Kaiſer
274 1771 1746 1868 Adolphus hat das Königliche Schloß Coch-
274 1865 1748 1964 me, (dann alſo ſtehet diß Wort an ſtatt Co⸗
275 1957 1746 2059 cheim in dem gedruckten / der letztern Edition,)
277 2053 1746 2146 mit der beygelegenē Stadt / und aller Zugehör
273 2146 1743 2239 und Schlöſſern / nemlich Clotten und Kempl /
270 2236 1748 2337 auß Einwilligung und Belieben aller Teut⸗
271 2328 1747 2423 ſchen Fürſten / unwiderrufflich dem Ertzſtifft
271 2423 1746 2523 Trier auff Ewig / mit völligem Recht verlie⸗
271 2516 1744 2615 hen. Kein beſſers und edelers / auch nutzlichers /
269 2608 1761 2707 zu Schutz deß Lands iſt vormals an dieſes
272 2708 991 2801 Stifft nicht kommen.
566 2783 1455 2946 Contz / oder Cuntz.
225 2930 1762 3026 Berhalb Trier / allda nahend die Saar in
219 3017 1763 3119 die Moſel fällt / ſo gleichwol nur ein Dorf;
214 3102 1764 3219 aber wegen der alten und ſehr berühmten ſtei⸗
215 3205 1764 3308 nern Brücken / ſo da über die Sarra gehet / und
215 3298 1765 3400 die Cuntzerbrücke genannt wird; auch der
216 3391 1766 3501 herrlichen Fiſch halber / ſo in der Menge / und
217 3485 1767 3594 gar groß hierumb gefangen werden / weit be⸗
218 3571 1768 3683 ruffen iſt; davon Ortelius in Itinerario Gal-
219 3672 1768 3780 lo-Brabantino p. 313. ſeqq. Marquard. Fre-
220 3767 1769 3867 herus in Commentario über deß Auſonii (ſo
220 3862 1770 3972 ſolcher Brücke allbereit gedencket) Moſellam
221 3952 1771 4060 p. 33. und G. Braun im fünfften Theil deß
222 4047 1772 4151 Städtbuchs / in Beſchreibung der Stadt
223 4142 1773 4249 Sarburg / zu leſen. Es iſt dieſe Brücke auch
224 4235 1773 4340 berühmt worden / wegen der Niederlage deß
224 4328 1774 4439 Marſchalls de Crequy, in deme derſelbe effe-
225 4420 1775 4523 ctive über 8000. zu Roß und Fuß ſtarck /
226 4520 1776 4622 Sonntags den 1. 11. Auguſti dieſes 1675.
227 4612 1777 4727 Jahrs / von denen Kaiſerlichen und Reichs⸗
228 4706 1778 4811 Alliirten bey dieſer Brücken angegriffen / und
229 4800 1778 4905 gäntzlich geſchlagen / auff die 3000. niederge⸗
229 4894 1779 4999 macht / und 2000. gefangen / Stücke und ba-
230 4985 1780 5097 gage verloren / und benebenſt faſt allen Fähn⸗
231 5080 1781 5184 lein und Standarten ihme abgenom̄en wordē.
851 5176 1186 5325 Cuſa.
448 5298 1767 5426 Jeſes iſt auch nur ein Dorff / unterhalb
447 5406 1766 5521 Trier / an der Moſel gelegen; aber wegen
1807 606 3254 725 deß Nicolai de Cuſa, oder Cuſani, deß Bi⸗
1801 710 3252 823 ſchoffs zu Briren und Cardinals / ſo von hin⸗
1797 807 3252 914 nen bürtig geweſen / berühmt; deſſen Hertz
1799 902 3256 1001 auch allhie in mitten der Kirchen / unter einem
1805 987 3258 1098 Marmolſtein liget / den Cörper aber hat Rom
1797 1087 3259 1198 behalten. In deme von ihm allhie erbauten / und
1796 1182 3254 1289 mit ſtattlichem Einkommen begabtem Spi⸗
1800 1276 3260 1381 tal / werden ſechs Prieſter / und vier und zwan⸗
1785 1368 3251 1476 tzig Arme unterhalten. Beſiehe obgedachten
1798 1461 3257 1570 Brauns Städtbuchs 5. Theil / in Beſchrei⸗
1796 1559 3245 1659 bung Bern⸗Caſtell; und Leodium im 13.
1793 1651 3267 1750 Buch von dem Leben Churfürſts Friderici II.
1792 1746 2261 1839 Pfaltzgrafens.
2139 1841 2905 1987 Egel / oder Igel.
413 1258 1616 1400 Cocheim / oder Kocheim.
1907 1969 3278 2070 N der Moſel / und zwiſchen derſelben und
1903 2068 3303 2165 der Sur / gegen obgedachtem Dorff
1786 2158 3255 2254 Cuntz oder Kuntz / oberhalb der Stadt Trier;
1783 2250 3254 2348 ein Dorff / allda auff einem erhöchten Ort / ei⸗
1785 2350 3382 2443 ne gewaltige Antiquität oder ſteinern Monu-
1786 2440 3248 2533 ment zu ſehen / dergleichen keines diſſeits der
1782 2532 3246 2624 Alpen es übertrifft / und welches man auch den
1781 2625 3268 2719 Italis fürweiſen darff; wie hievon in obgedach⸗
1781 2719 3255 2815 tem deß Ortelii Itinerario p. 310. ſeqq. und
1783 2812 3252 2901 bey dem Johanne Bochio in hiſtor. narrat. de
1787 2901 3256 2995 Alberto & Iſabella fol. 56. weitläufftig zu le⸗
1788 2998 3257 3091 ſen; wiewol ſich beſagter Ortelius mit ſeinem
1790 3087 3259 3185 Reißgeſellen / dem Viviano, in etwas verſtoſ⸗
1789 3183 3255 3279 ſen; wie Freherus in Auſonii Moſella p. 59.
1787 3277 3269 3372 ſeq. (daſelbſt er auch von dieſer Antiquität /
1787 3367 3380 3463 ſo nur von privat-Perſonen vorzeiten auff⸗
1784 3462 3257 3554 gerichtet worden / handelt) erinnert. In dem
1789 3549 3266 3644 Städtbuch deß G. Braunen iſt die Abbil⸗
1789 3647 3257 3766 dung dieſer Antiquität / bey der Stadt Lützen⸗
1791 3750 2279 3834 burg / zu finden.
279 594 1757 706 haltung deß Cammergerichts zu Speyer gibt
281 701 1759 795 er jährlich / wie ich gefunden / nach dem er⸗
278 789 1761 893 höchten Anſchlag 250. Gülden / den Thaler
278 887 1761 982 auff 69. Kreutzer zu rechnen. Es iſt nicht weit
279 984 1757 1074 von Coblentz ein ſtattlicher Saurbronn / in
278 1074 1753 1170 dem Trieriſchen Gebiet / wie Joh. Guinthe-
282 1173 1625 1259 rius Andernacus am 144. Blat ſchreibet.
