3870 6490
461 589 2135 725 und führeten das gen Iſenburg. In der Zeit
463 685 2137 827 (Anno 1371.)erhub ſich der Ehrwürdige Fürſt /
465 784 2139 934 Herr Cuno von Falckenſtein / Ertzbiſchoff zu
468 877 2141 1011 Trier / mit groſſer Gnügen und Gewalt / und
469 971 2143 1110 hieſche die Nahme wieder / die in ſeinem Geleit
471 1066 2145 1201 und Gebiet geſchehen war / und en mögt das
473 1161 2147 1293 nicht ſeyn. Deß legte er ſich in der vorgenann⸗
475 1251 2149 1390 ten Herrn Land / und gewann ihnen ab das An⸗
478 1347 2151 1485 girs / und machte zu Engers eine Brück / die
480 1441 2153 1577 iſt geheiſſen biß auff dieſen heutigen Tag / Cu⸗
482 1537 2155 1667 noſtein / nach ſeinem Namen / und gewann
484 1627 2157 1760 ihnen ab Henſpach / und die Dorff / und bracht
486 1726 2159 1859 ſie in groſſen verderblichen Schaden / und dazu
488 1818 2161 1946 ward den Kauffleuten die Nahme und der Ge⸗
490 1911 2163 2033 wand wieder. Alſo behielt Herr Cuno Ertzbi⸗
492 2005 2165 2139 ſchoff / mit Gewalt ſeinen Willen / und nah⸗
494 2099 2168 2223 me ein Land und Leut / und das Fahre biß über
496 2195 2169 2324 den Rhein biß auff den heutigen Tag. Mar-
498 2285 2172 2413 quard. Freherus über deß Auſonii Moſel-
500 2383 2174 2498 lam meldet am 19. Blat: Daß das Städtlein
502 2475 2176 2588 Engers / auff dem Teutſchen Geſtad deß
504 2573 2178 2693 Rheins / faſt gegen Andernach über gelegen /
506 2666 2180 2780 gern habe / wann mans Conſtantin⸗Engers
508 2758 2182 2873 ſchreibe / weiln ſolches wolle / daß es Kaiſer
510 2853 2184 2959 Conſtantinus erbauet habe: Von welchem
512 2947 2186 3062 Städtlein / als dem Haupt / die Gegend her⸗
514 3041 2188 3144 umb / vor Zeiten Angerisgäwe / heutiges
517 3134 2190 3247 Tags Engersgäw / genannt werde / in wel⸗
518 3226 2192 3332 chem Gäw / neben andern Orten / das Schloß
520 3324 2194 3429 Wieda / und die Grafſchafft Wied / gelegen
522 3418 2196 3526 ſeye. Ein wenig oberhalb deß Städtleins
524 3511 2198 3613 kom̄t die Seyn / daran Iſenberg ligt / in den
526 3606 2200 3717 Rhein. Die Schwediſchen nahmen Anno
528 3692 2203 3809 1633. dieſen Ort ein. Ihr Feind begab ſich auff
530 3799 2205 3891 einen veſten Thurn / und brachte den 14.
532 3889 2207 3994 Mertzen durch viel ſchieſſen mit Speck / etli⸗
534 3982 2209 4085 che Häuſer in den Brand / welcher den grö⸗
536 4076 2211 4182 ſten Theil deß Städtleins in die Aſchen ge⸗
539 4170 2213 4279 legt. Sie ſeyn aber gleichwol den 16. diß mit
541 4264 2215 4361 Accord abgezogen. Hergegen hat der Herr
542 4358 2217 4458 Pfaltzgraf Chriſtian von Birckenfeld dieſes
545 4455 2219 4555 Städtlein / deß Königs in Franckreich Gu-
547 4547 2221 4647 bernatori auff der Churfürſtlich Trieriſchen
548 4636 2224 4766 Veſtung Hermanſtein / auff ſein Anhalten /
551 4733 1156 4865 eingeraumt.
2129 569 3617 686 Fluß Salm / davon wir aber keine fernere
2123 665 3617 781 Nachrichtung haben / als daß in der Trieri⸗
2126 761 3620 876 ſchen Chronick ſtehet / daß der Ertzbiſchoff zu
2128 860 3619 953 Trier / Balduinus von Lützenburg / Eſch / na⸗
2130 953 3620 1063 hend Clothen mit einer Mauer umbziehen und
2130 1059 2770 1163 befreyen habe laſſen.
780 4983 2143 5106 Sch / genannt Keyſers⸗Esch / zwi⸗
780 5090 2142 5195 ſchen Cochheim und Monreal / nahend
623 5181 2141 5294 Ulmen gelegen. Es ſoll auch ein anders Eſch
622 5281 2141 5387 im Trieriſchen / nahend Virnenberg ligen / ſo
621 5375 2140 5509 man Kircheſch nennet. Item / iſt ein Eſch beym
2265 1420 3683 1526 S ſtehet in der Franckfurtiſchen Frülings⸗
2265 1514 3684 1618 Relation deß 43. Jahrs: Daß im De⸗
2118 1611 3685 1722 cember Anno 1642. etliche Heſſiſche Troup⸗
2119 1704 3686 1816 pen das Chur⸗Trieriſche Schloß Freußberg /
2120 1803 3686 1910 am Weſterwald / überfallen und eingenom⸗
2121 1891 3687 1998 men / und gute Beuten da gemacht: Welchen
2121 1988 3688 2094 Ort aber die Trieriſchen im Mayen deß 43.
2122 2085 3689 2195 Jahrs / wieder durch Ubergab / einbekommen
2123 2177 3690 2283 haben / wie in der Herbſt⸗Relation pag. 50. zu
2124 2272 3691 2386 leſen. Siehe auch den tom. 4. Theatri Euro-
2125 2375 2549 2476 pæi fol. 856.
2593 1210 3154 1363 Freußberg.
2278 2742 3638 2840 In Chur⸗Trieriſches veſtes Schloß / ge⸗
2279 2839 3639 2934 gen Andernach über / und am Rhein gele⸗
2148 2931 3640 3028 gen; darumb ſich die Spaniſche Regierung
2149 3027 3641 3120 zu Brüſſel angenommen / als der jüngſt ver⸗
2157 3119 3640 3214 ſtorbne Churfürſt zu Trier etliche Jahr auſ⸗
2157 3214 3638 3307 ſer Lands war. Es hat ſich zwar Anno 33. der
2157 3304 3638 3400 Schwediſch General Baudiß dieſer Ve⸗
2158 3403 3639 3495 ſtung bemächtiget: Es haben aber noch in die⸗
2156 3496 3639 3589 ſem Jahr die Span. dieſelbe / ſam̄t dem Hauß
2153 3586 3639 3686 Drachenfels wieder überkommen. Zu Ein⸗
2152 3688 3640 3780 gang deß 46. Jahrs ſeyn / auff Befelch der ge⸗
2153 3782 3643 3876 dachten Brüßliſchen Regierung / die Spani⸗
2155 3875 3642 3969 ſchen allhie auß⸗ und iſt hergegen der Lothrin⸗
2150 3971 3640 4064 giſch Obriſt Leutenant Iger da eingezogen:
2156 4059 3640 4157 Von welcher Zeit an / biß daher / immerzu eine
2150 4158 3644 4255 Lothringiſche Beſatzung im Schloß ſich auff⸗
2151 4253 3643 4350 gehalten hat; daß die Frantzoſen darvor
2137 4348 3642 4443 nichts haben richten können; wiewol einsmals /
2137 4442 3647 4540 nemlich Anno 1652. den 19. (29.) Septem⸗
2138 4535 3690 4635 bris frühe / der Zoll und das Städtlein Ham⸗
2139 4631 3640 4727 merſtein vom Obriſten Feldberger / und den
2140 4723 3646 4830 Frantzoſen auß Dietenhofen / ohne Mühe ero⸗
2141 4823 3646 4920 bert / und etliche Lothringiſche erlegt worden;
2142 4915 3645 5017 ſo konten ſie doch der Veſtung / ſo hoch gelegē /
2157 5014 3643 5110 nichts angewinnen. Anno 1653. den 16. (6.)
2153 5103 3648 5211 Dec. ward auff dem Reichstag zu Regenſpurg
2156 5206 3647 5306 mit deß Hertzogen von Lothringen Deputir⸗
2157 5298 3646 5400 ten oder Geſandten ein Vergleich getroffen /
2156 5392 3646 5509 daß I. Durchl. gegen Erlegung auff Ziel und
2524 2541 3255 2683 Hammerſtein.
1263 4848 1516 4990 Eſch.
