3870 6490
919 4631 1418 4857 Kylburg.
1988 646 3644 805 N der Löhn / zwiſchen Idſtein / Dietz und
2013 796 3614 920 der Grafſchafft Weilburg / wie Dili-
2008 905 3615 1029 chius in der Heſſiſchen Chronick am 79. Blat
2007 1026 3617 1144 ſchreibet / und nicht weit von Dietz und Hada⸗
2002 1148 3669 1259 mar gelegen; daran gleichwol auch Heſſen ei⸗
1995 1250 3635 1369 nen Theil hat. In den Reichs⸗Regiſtern findet
1992 1364 3614 1485 ſich / daß noch Anno 1521. dieſe Stadt vom
1990 1474 3609 1599 Kaiſer Carolo V. Confirmation ihrer Rega⸗
1990 1590 3608 1706 lien und Freyheiten erlanget habe. Es iſt An⸗
1992 1702 3606 1817 no 1619. ein Stück einer Chronick von dieſer
1993 1809 3605 1933 Weſterwäldiſchen Stadt / und derſelben vo⸗
1987 1925 3608 2045 rigen Herrn / in Druck kommen / in welcher
1987 2034 3609 2156 unter andern ſtehet: Daß bey Regierung Kai⸗
1985 2144 3621 2262 ſer Ludwigs deß Vierdten / und Herrn Ger⸗
1972 2263 3647 2386 lachs / Herrn zu Limpurg / umbs Jahr 1336.
1972 2371 3612 2490 die Stadt Limpurg und die Burg in groſſen
1973 2477 3626 2601 Ehren und Seligkeit / von Leut und Reich⸗
1985 2595 3623 2712 thumb geſtanden ſeyen. Und wurden geachtet /
1985 2702 3621 2817 wann ſie zu Feld zohen / mehr dann an zwey
1987 2819 3622 2925 tauſend Bürger / und bereite Leut mit Pantzer
1991 2929 3613 3043 und mit Harniſch / und was darzu gehöret /
1993 3036 3613 3156 und zu Oſtern / die Gottes Leichnam empfin⸗
1995 3155 3615 3264 gend / wurden geachtet / mehr dann acht tau⸗
1999 3259 3619 3375 ſend Menſchen. Das Stifft deß guten Herrn
2000 3377 3620 3491 S. Gregorii daſelbſt ſtund in groſſen Ehren
1997 3488 3622 3601 und Herrlichkeit / als das ein recht Einkom⸗
2000 3597 3623 3714 men hatte / von rechter Rent und Gülte / bey
1981 3707 3642 3828 hundert und zwantzig Gülden Gelds. Dann
1999 3823 3637 3936 der vorgenannte Stifft auch regirt ward von
1983 3936 3644 4047 Canonicken / die waren her auß guter Leut und
1983 4045 3625 4166 Ritters Kindern. Anno 1342. die Bonifacii,
2001 4158 3636 4280 da verbrannt die Stadt beynahe halb auß.
2007 4274 3648 4391 Darnach über ein Jahr / da ward der neue
1986 4388 3660 4507 Grabe / auſſerhalb Limpurg / am Caſtell / von
1987 4499 3643 4622 der Mäyntzerpforten an / biß an die Löhne be⸗
1987 4609 3650 4738 leitet / von dem Edlen Herrn Gerlach / Herrn
1988 4728 3661 4854 zu Limpurg vorgenannt / gegraben / und ge⸗
1990 4834 3646 4961 macht in eine Veſtung / der vorgenannten
1992 4946 3655 5081 Stadt Limpurg. Bey derſelbigen Zeit da ward
1993 5059 3644 5183 ein Krieg mit der Stadt Limpurg / und dem
1995 5174 3647 5302 Edlen Grafen zu Dietz. Anno 1344.ward die
1997 5292 3645 5417 Herrſchafft und Stadt Limpurg halb ver⸗
1999 5404 3644 5522 ſetzt Balduino, Ertzbiſchoff zu Trier / und dem
2000 5515 3661 5643 Stifft daſelbſt umb ein Summa Gelds.
2002 5619 3648 5750 In derſelbigen Zeit und Jahr / auff S. Ja⸗
2004 5745 3693 5865 cobs⸗Tag / deß heiligen Apoſteln / gelegen in
2006 5857 3647 5972 der Erndte / und da es nicht ſehr geregnet / gien⸗
2020 5968 3682 6090 ge die Löhne allhie / von wunderlicher Gottes
2024 6082 3648 6215 Gewalt / biß über die Schupe / daß man mit
2520 390 3091 605 Limpurg.
495 1399 1946 1525 On welchem Ort offtbeſagter Kyrian-
494 1512 1946 1626 der in Annal. Auguſtæ Trever. part. 15.
327 1623 1945 1752 ſchreibet: Daß der 88. Biſchoff zu Trier /
326 1733 1946 1844 Arnoldus, die Stadt Hartenfels gekaufft /
326 1842 1940 1975 und mit einem Wall umbgeben: Sein Nach⸗
325 1962 1947 2089 fahr Henricus aber das Schloß allhie mit
326 2073 1939 2194 Gebäuen köſtlich renovirt habe; So auch
326 2187 1943 2307 von ſeinem Nachfolger Beomundo von
326 2300 1944 2436 Warnesberg / der Anno 1299. geſtorben / ge⸗
328 2423 771 2543 ſchehen ſeye.
822 1198 1467 1397 Hartenfels.
292 4826 1994 4986 N dem Kyll / zwiſchen Bettburg oder
296 4959 1997 5101 Bittburg / Schoinecken und Gerreſtein
298 5073 2000 5223 (ſo alle drey auch für Städtlein geſetzt werden /
301 5176 2003 5330 wir aber davon nichts berichten können.) In
304 5297 2005 5448 der Trieriſchen Chronick ſtehet: Daß Arnol-
307 5409 2008 5556 dus, Graf von Iſenberg / Ertzbiſchoff zu
309 5521 2011 5669 Trier / Kielburg erbauet; Und ſein Nachfahr
312 5637 2013 5791 Ertzbiſchoff Heinrich von Finſtingen / ſo An⸗
315 5750 2016 5902 no 1286. geſtorben / zu Kyleburg / zwo Con⸗
318 5863 2019 6009 ventual⸗Kirchen auffgerichtet / und Ertzbi⸗
320 5978 2022 6131 ſchoff Johannes, ein Marggraf von Baden /
323 6104 1672 6273 ein ſchönen Bau allhie geführet habe.
470 2680 1949 2846 In Städtlein in der Eyffel / Chur⸗Trier
472 2827 1950 2954 gehörig / das Anno 1647. die Lothringiſche
319 2935 1953 3059 Völcker angegriffen / und etliche Tag beſchoſ⸗
325 3039 1954 3182 ſen. Es haben aber die Burger und Bauren ſo
329 3164 1965 3296 ſtarcke Gegenwehr gethan / daß ſie unverrich⸗
327 3273 1955 3399 ter Sachen abgezogen ſeyn. Der Hertzog von
329 3380 1961 3524 Lothringen hat hernach wegen der Officirer
329 3499 1959 3629 und Soldaten / deren in 300. erſchoſſen wor⸗
328 3615 1958 3736 den / dreiſſig tauſend Duplonen gefordert / wie
329 3719 1846 3871 im 5. Theil deß Theatri Europæi ſtehet.
785 2529 1478 2715 Hildesheim.
302 4077 1968 4244 In Städtlein unterhalb Kochheim / und
306 4192 1962 4332 auff ſelbiger Seiten an der Moſel / wie
308 4319 1961 4449 Ortelius in gedachtem Itinerario pag. 340.
311 4422 1973 4570 ſchreibet / ſo wir aber ſonſten nicht finden kön⸗
314 4565 531 4661 nen.
914 3877 1312 4057 Karll.
330 364 1949 491 Zeit dreymal hundert tauſend Reichsthaler /
327 473 1957 597 dieſes Hammerſtein / dem Herrn Churfür⸗
330 583 1955 711 ſten von Trier; Homburg dem Herrn Gra⸗
329 695 1962 825 fen von Naſſau / Sarbrücken und Landſtul de⸗
328 813 1958 931 nen von Sickingen reſtituiren ſolte. Es ligen
329 926 1956 1044 in dieſer Gegend Ludelsdorff und Feldkirch / ſo
327 1043 1773 1180 von theils Städlein genannt werden.
