3870 6490
241 415 1930 557 Nachen allenthalben darüber fuhr. Und iſt diß
249 523 1932 670 die erſte Waſſerflut / die den Leuten eingedenck⸗
246 635 1932 790 lich iſt. Anno 1344. ſturben zu Limpurg mehr
254 749 1932 880 dann vier und zwantzig hundert Menſchen /
259 863 1932 1010 außgenommen die Kinder. Anno 1351. kriegte
262 971 1936 1108 die Stadt Limpurg mit denen von Hatzfeld /
259 1084 1936 1231 büſſete aber ein bey Lauenburg / und wurde ihr
265 1194 1937 1339 Helffer / Graf Johann von Naſſau / und
261 1309 1937 1450 Herr zu Hadmar / gefangen. Anno 1371. vier⸗
260 1418 1937 1565 zehen Tag vor Faſtnacht / da gebührt es ſich /
265 1534 1936 1674 daß ein Burgermeiſter zu Limpurg / der war
263 1643 1937 1786 genannt Cuntz Nente / der ſolte einen führen in
272 1754 1937 1892 den Kargen⸗Thurn gefangen / von Dieberey
268 1862 1937 2009 wegen / da ſie kamen ein halben Steinwurff
273 1979 1937 2113 von dieſer Pforten auff der Maur / da ſprang
274 2091 1937 2226 der Gefangene mit dem Bürgermeiſter von
271 2196 1937 2323 der Mauren / und dem ſein Hals ab / alſo / daß
271 2313 1937 2439 er umb acht Tag ſtarb / und der Gefangene
244 2423 1937 2558 wurde zu ſtund an gehangen. Dann er alſo ſehr
239 2540 1923 2675 gefallen hatte von der Mauren / daß er nicht
265 2648 1937 2763 davon kommen mochte / wie am 26. Blat ſte⸗
270 2756 1920 2888 het. Anno 1373. thät die Löhne allhie groſſen
273 2869 1925 2994 Schaden. Anno 1374. waren zu Limpurg
271 2981 1925 3109 perſönlich zugegen im Mayen / Herr Cuno
275 3091 1929 3212 von Falckenſtein / Ertzbiſchoff zu Trier / als
277 3199 1929 3325 der Limpurger gekauffter Herr: Und Johann
280 3312 1926 3438 Herr zu Limpurg / als ihr recht geborner Herr;
255 3420 1927 3547 denen beyden / die damals geweſte Schöffen /
239 3532 1929 3655 der Stadt ihr Recht und Freyheite weiſen thä⸗
265 3646 1927 3767 ten / davon der Autor dieſer Chronick am 34.
204 3757 1922 3881 und folgenden Blättern handelt. Anno 1380.
277 3872 1945 3992 ward allhie ein Kind geboren / das hatte vier
279 3979 1948 4101 Arm / und vier Bein / und hatte ein Platte auff
279 4091 1951 4215 ſeinem Haupt / ſtarb zu hand. Und hat der Au-
277 4199 1954 4316 tor, als der zu dieſer Zeit gelebt / deß Kinds
276 4313 1954 4436 Vatter und Mutter / wie er ſchreibet / gekannt.
272 4425 1955 4545 Und ward darauff die Stadt gepfädet / und
274 4537 1955 4659 ſeyn ihre Feinde in die Vorſtadt / jenſeit der
272 4651 1956 4771 Brücken eingefallen / und haben mehr dann
272 4762 1956 4880 zwantzig Häuſer und Scheuren verbrannt.
275 4871 1956 4992 Hernach geſchah allhie ein vierfacher Hey⸗
274 4986 1938 5112 rath / alſo / daß Hans⸗Heinrich von Staffel /
257 5096 1941 5212 eine Witwe / die eines Schöffen / Namens
275 5208 1943 5329 Johann Bope Tochter war / und Greth hieß /
272 5325 1956 5466 und ſeine drey junge Söhne / ihr der Witwe
268 5434 1956 5552 drey junge Töchtern / zu der heiligen Ehe
269 5546 1938 5660 kaufften / und dieſe acht Perſonen zuſammen
270 5657 1939 5778 heyrathen. Es wurden aber zu einer Zeit die
270 5767 1936 5886 vorgenannten Eheleut in kurtzem / von Tods
270 5889 1936 6009 wegen alle geſchieden ohne Leibs⸗erben. Das
272 5999 1850 6121 jungſte Paar das blieb / ſtehet fol. 41. ſeq.
268 6092 1941 6251 Im Jahr 1395. ſchlug Graf Adolff zu
1946 379 3615 516 Dietz und zu Naſſau / eine neue Brück uff die
1946 514 3616 630 Arde / nicht fern von Limpurg / die iſt genannt
1951 620 3617 738 Ardeck. Anno 1397. ſchneid man reiff Korn
1952 733 3620 858 zu Brod / in den nächſten heiligen Tagen zu
1953 851 3620 972 Pfingſten / zu Bopparden / Coblentz / und an⸗
1953 956 3620 1067 derswo an vielen Enden. Das Malter Korn
1955 1068 3622 1182 blieb an ein Gülden. Und der Wein der beſte /
1952 1179 3624 1305 galt vier Heller / zween / und ein Heller. Der
1957 1299 3624 1413 war redlich zu trincken. Das währete ein gantz
1956 1413 3626 1529 Jahr. Und ſo viel auß beſagter Limpurgiſchen
1957 1524 3623 1642 Chronick / ſo ſich im Jahr 1336. anfahet / und
1958 1634 3626 1752 Anno 1398. endet. Sonſten ſtehet in der Trie⸗
1955 1742 3639 1865 riſchen Chronick / daß Anno 1344. Ertzbiſchoff
1959 1862 3629 1975 Baldewinus zu Trier / den halben Theil der
1960 1969 3630 2087 Herrſchafft Limpurg erkaufft: Und Ertzbi⸗
1959 2082 3630 2204 ſchoff Johannes, ein Marggraf von Baden /
1963 2194 3630 2316 ſo Anno 1503. geſtorben / ſolchen Theil / ſo
1962 2308 3633 2422 verſetzt geweſen / wieder gelößt habe. Wie
1964 2418 3634 2535 man berichtet / ſo hat es allhie einen Stifft /
1963 2536 3638 2645 und iſt die Stadt der Römiſch⸗Catholiſchen
1963 2641 3639 2759 Religion zugethan. Gegen dem Ende deß
1965 2759 3642 2871 1631. Jahrs haben dieſen Ort die Schwedi⸗
1970 2867 3642 2980 ſche eingenommen: Der Herr Cardinal In⸗
1970 2977 3642 3093 fante / als er Anno 1634. nach der Nördlinger
1952 3089 3642 3203 Schlacht ins Niderland zoge / hat unter
1951 3199 3644 3317 Wegs dieſe Stadt / aber vergebens / angegrif⸗
1952 3314 3644 3429 fen / weil die Frantzoſen ſich darinn tapffer ge⸗
1973 3427 3643 3541 wehrt haben. Gleichwol haben die Kaiſeriſchen
1973 3539 3639 3651 das folgende 35. Jahr dieſen Ort überſtiegen;
1972 3651 3643 3766 hergegen ſie / die Frantzoſen / das Schloß
1974 3758 3646 3883 Grentzau / ein altes Raubneſt / wie Chemni-
1972 3879 3643 3992 zius ſagt / auch überſtoſſen haben. Es haben
1972 3987 3642 4101 die Weymariſchen und Frantzoſen An. 1639.
1970 4106 3642 4216 und 40. wie man geſchrieben / allhie auch nicht
1976 4210 3639 4326 Seiden geſponnen. Und ſtehet in tomo 4.
1975 4323 3643 4442 Theatri Europæi fol. 217. a. alſo: Es ſeyn ih⸗
1976 4440 3641 4554 rer (der Weymariſchen) auch im Januario
1983 4553 3642 4667 Anno 1640. zu Limpurg / Hademar / Dik⸗
1979 4665 3644 4782 herken / und ferner an der Löhne gelegen / die
1979 4775 3641 4896 alle das Zeugnuß gehabt / daß ſie nicht nach
1980 4892 3641 5010 dem beſten hauſeten / und zumal die Limpurger
1982 5005 3643 5121 zimlich hart gehalten / weiln es dieſelben zu⸗
1983 5119 3642 5238 vornhero den Frantzoſen auch nicht beſſer ge⸗
1981 5232 3641 5350 macht hatten: Iſt auch von allerhand geflehen⸗
1984 5342 3641 5464 tem Gut im Franciſcaner Kloſter daſelbſten
1980 5454 3638 5572 gefunden worden / die Soldateſca damit zu er⸗
1982 5567 3638 5688 freuen / und deſſen Proprietarios zu betrüben /
1977 5685 3636 5808 geſtalt ſie auch das Feuer nicht beſtens ver⸗
1976 5798 2465 5913 wahreten.
