3870 6490
931 407 1250 575 Loich.
506 2215 1905 2324 Arcetum, ein Städtlein / ſo mit ſeiner
494 2326 1907 2439 Zugehör Ertzbiſchoff Rabanus, dem
242 2427 1905 2547 Geſchlecht von Sirck / für 3000. Gülden ver⸗
240 2547 1903 2659 ſetzt: Aber Ertzbiſchoff Johannes von Trier /
238 2656 1917 2769 ein Marggraf von Baden / ſo Anno 1503. ge⸗
241 2771 1917 2886 ſtorben / wieder gelöſet hat / wie in dem 15. Theil
235 2880 1789 2990 der Trieriſchen Chronick Kyriandri ſtehet.
811 1990 1305 2176 Marcet.
408 3276 1905 3395 N der Eyffel / am Fluß Nette / nahend
407 3394 1922 3505 Monreal, davon in beſagter Trieriſchen
229 3505 1920 3619 Chronick ſtehet / daß der Ertzbiſchoff Henri-
232 3608 1919 3727 cus von Finſtingen / zu Trier / das Schloß
226 3724 1917 3838 Meyen / Anno 1280. gebauet: Hernach Ertz⸗
221 3834 1915 3950 biſchoff Balduinus Meyen mit Mauren umb⸗
218 3945 1913 4064 geben / regulirte Chorherrn von Laenche dahin
223 4061 1898 4174 gebracht / die Kirch daſelbſt ihnen incorporirt /
218 4171 1897 4287 und denſelben ein Cloſter erbauet habe. Nico-
215 4283 1890 4395 laus Serarius de rebus Moguntiacis lib. 1.
215 4395 1890 4515 cap. 4. pag. 13. ſchreibet / es habe das Städtlein
212 4502 1903 4621 Meyn / nicht weit von der Moſel gelegen / vor
216 4612 1900 4736 Zeiten Magniacum, und das Meynfeld / oder
212 4729 1889 4844 die Gegend herumb / Magniacenſis ager, ge⸗
211 4839 1889 4955 heiſſen. Nicht weit von dieſem Städtlein /
215 4953 1889 5066 und drey Meilen von Andernach / iſt ein Saur⸗
210 5062 1885 5183 bronn / von den herumb Geſeſſenen der Sultz⸗
210 5175 1893 5292 bronn genannt / wie Andernacus de balneis
209 5286 1876 5402 pag. 148. meldet. Marquardus Freherus
207 5399 1874 5520 ſchreibet / part. 2. Origin. Palatin. cap. 9. von
208 5512 1886 5630 der Landſchafft hierumb / unter anderm / daß
208 5621 1886 5746 Ripuaria (von den Ripuariis, Ripariolis, oder
208 5726 1887 5850 den Ubiis, ſo zwiſchen dem Rhein / der Maas
209 5840 1886 5963 und der Moſel geſeſſen ſeyn / zu der Francken
208 5952 1887 6072 Zeiten alſo genannt) ein vollkommenes Her⸗
209 6070 1886 6210 togthumb geweſen; wie dann geleſen werde /
239 3056 1902 3229 Mayen / Meyen / oder Meyn.
1945 395 3607 538 daß Gotzelo, der Ripuarier Hertzog / unter
1972 514 3604 649 den Teutſchen groſſen und fürnehmſten
1971 628 3601 748 Herrn / ſo der Wahl Kaiſers Conradi Salici
1970 737 3601 872 beygewohnt haben / einer geweſen. Daher fol⸗
1967 854 3600 978 gen müſſe / daß ſolches Hertzogthumb / nach
1967 957 3602 1091 Fränckiſchem Gebrauch auch ſeine gewiſſe
1965 1067 3603 1203 Grafſchafften gehabt habe. Unter welchen
1965 1188 3602 1312 dann / nach Pallentz / am erſten ſich herfür
1962 1293 3598 1425 thue die Grafſchaft in Meinevelde / oder Pago
1964 1399 3601 1530 Meginenſi, ſo Regino Prumienſis von obge⸗
1957 1518 3597 1643 dachter deſſen fürnehmſter Stadt Magniaco,
1937 1621 3597 1750 oder Meyen / Magniacenſem, wie auch oben
1937 1735 3598 1862 gemeldet. Und weiln ſolche Gegend insge⸗
1953 1843 3602 1970 mein das Meyenland genannt worden / ſo ha⸗
1951 1961 3600 2070 be darauß Fortunatus Pictavienſis Medio-
1947 2072 3601 2191 lanum gemacht / wie ſein Commentator
1947 2179 3601 2304 vermeyne. Es ſeye auch daſelbſt ein alte Herr⸗
1943 2292 3615 2413 ſchafft de Lacu, oder zum Loich genannt / ge⸗
1945 2402 3597 2527 weſen / deſſen Tituls ein alter Pfaltzgraf bey
1944 2508 3596 2632 Rhein / Namens Henricus, ſich gebraucht /
1942 2624 3589 2740 welcher / weil er keine Söhn / freywillig und
1940 2732 3594 2849 mit Belieben ſeines Eheweibs Adelheid / ſelbi⸗
1940 2843 3597 2965 gen ſeinen ſehr ſchönen und luſtigen Sitz in
1941 2951 3609 3068 ein Cloſter / umbs Jahr Chriſti 1093. verwan⸗
1940 3066 3593 3171 delt habe. Und beſchreibet er Freherus den
1940 3169 3594 3289 groſſen und wunderlichen See allhie / davon
1940 3282 3591 3398 das Cloſter in der Höhe gelegen / den Namen
1941 3392 3596 3515 hat / weitläufftig / ſo wol zu leſen: Daſelbſt
1940 3506 3593 3621 er auch von gedachtem Cloſter handelt / und
1939 3617 3593 3733 eine Hiſtori von eines alten Pfaltzgrafen /
1933 3723 3589 3841 Namens Sifrids / ſo Anno 754. geſtorben
1941 3832 3589 3954 ſeyn / und auff dem jetzt zerſtörten Schloß
1939 3946 3587 4059 Hohen⸗Simmern / nicht weit von dieſem
1938 4054 3591 4178 Cloſter / und dem Städtlein Meyen gewohnt
1935 4162 3591 4287 haben ſolle / Gemahlin Genofeva, einer ge⸗
1927 4282 3584 4396 bornen Hertzogin von Braband / erzehlet;
1930 4390 3581 4506 welche er / der Pfaltzgraf auff Rath und An⸗
1923 4500 3582 4622 geben eines Ritters / ſo Golo geheiſſen / hat
1930 4613 3578 4732 verbrennen laſſen wollen: Die aber mit ih⸗
1932 4725 3583 4843 rem Söhnlein in einen groſſen Wald ge⸗
1931 4829 3580 4965 than / und nach etlichen Monaten / ohne einige
1930 4944 3582 5064 menſchliche Hülff / friſch und geſund gefun⸗
1928 5052 3582 5176 den / und von Gott / zur Anzeig ihrer Un⸗
1927 5173 3583 5285 ſchuld erhalten worden ſeye. Ferners gedenckt
1924 5283 3579 5400 Freherus auch der alten dieſes Lands Ri-
1920 5396 3578 5513 puariæ, ſo heutiges Tags Eyflia genannt
1917 5508 3586 5619 wird / Inwohner / ſo Talliates genannt wor⸗
1917 5619 3575 5730 den ſeyn: Und ſagt / daß auch andere Graf⸗
1914 5730 3574 5843 ſchafften in demſelben ſeyen / als Mander⸗
1914 5842 3584 5953 ſcheid / Reifferſcheid / Virneburg und
1917 5951 3570 6070 Neuenar. Matth. Quade in Teutſcher
1910 6060 3570 6193 Nation Herrlichkeit / ſchreibet von ſolchem
438 582 1930 697 On theils Loch / eigentlich aber Lack / oder
435 700 1927 806 ad Lacum, und de Lacu, genannt / ein
263 809 1923 920 Kloſter in der Eyffel / nahend dem Trieri⸗
262 922 1923 1033 ſchen Städtlein Mayen gelegen / ſo Pfaltz⸗
261 1034 1922 1141 graf Heinrich / Pfaltzgr. Ehrenfrieds / von ſei⸗
260 1146 1922 1257 nem Bruder Hezelone, Enickel / umbs Jahr
261 1256 1917 1363 1093. geſtifftet hat; der auch darinn in einem
256 1363 1935 1480 prächtig erhebten Grab ruhet. Unter ſolchem
257 1478 1935 1595 Cloſter ligt ein groſſer und wunderlicher See /
255 1591 1935 1700 von welchem / und auch dem gedachten Cloſter
251 1699 1935 1812 Marquardus Freherus, part. 2. Origin. Pa-
247 1809 1935 1951 lat. c. 9. weitläuffig ſchreibet / ſo wol zu leſen iſt.
