3870 6490
231 378 1912 524 Lande Ripuaria am 469. Blat / alſo: Zwiſchen
236 495 1913 634 dem Rhein / der Moſel / dem Cöllniſch⸗ und
239 606 1898 744 Gülchiſchen Lande / ligt die Eyffel / ſo ein rau⸗
244 733 1898 865 hes / unebenes / bergichtes Land iſt / und an den
239 833 1897 972 Hunßrück / (ſo zwiſchen dem Rhein / der Mo⸗
227 948 1925 1082 ſel / und der Nau / ligt) und an das Lützenbur⸗
193 1057 1927 1196 ger Land ſtöſſet. Iſt mehrertheils Lützenbur⸗
239 1168 1930 1303 giſch / das übrig (guten Theils) Trieriſch.
243 1284 1930 1412 Es wohnen darinnen die Graffen von Arburg /
241 1399 1900 1511 Virnen / Manderſcheid / die Freyherren von
237 1510 1901 1633 Ryfferſcheid / die Herren von Rülingen / die
237 1617 1900 1744 Herren von Rhineck. Die Graffſchafft Vi⸗
236 1731 1899 1856 anden hat der Graff von Naſſau⸗Dillenberg /
231 1845 1908 1963 darinn ligt die Stadt S. Veit / und die Stadt
234 1957 1907 2076 Baſtenach / die doch Lützenburgiſch iſt. Das
241 2075 1907 2184 kleine Waſſer Eyffel fällt zwiſchen Bo / und
241 2180 1907 2297 Andernach / in den Rhein. Zu Bertrick iſt ein
241 2296 1909 2406 warm Bad. In den Herrſchafften zur Slei⸗
233 2408 1915 2519 den (von dannen Johannes Sleidanus, und Jo-
242 2519 1914 2629 hannes Sturmius, bürtig geweſen:) Item /
239 2631 1914 2742 zur Kronenburg / Kiel / und im Hellenthal / hat
233 2741 1909 2851 es viel Eiſengruben / da auch viel eiſerne Oefen
236 2855 1912 2965 gegoſſen werden / die man hin und wieder durch
248 2965 1917 3076 Teutſchland verführet. Es ſeyn auch zween
241 3076 1919 3183 berühmte See in dieſer Inſul / einer bey dem
240 3182 1926 3291 Schloß Ulmen / und der ander bey dem Kloſter
255 3293 1924 3401 zum Loch / (Laich / Loich) genannt. Und am
250 3405 1921 3519 470. Blat / ſagt jetztgedachter Quade: Etli⸗
243 3511 1919 3628 che Graffen müſſen ihr Lehen zu Lützenburg
247 3612 1918 3737 empfangen / als Manderſcheid / Arenburg /
181 3734 1916 3848 Salm / Ryfferſcheid / Rhyneck / Krichingen /
248 3847 1923 3956 und Iſenburg / ſat andern Herren / und von
243 3953 1919 4072 Adel / in groſſer Menge. Dabey aber zu mer⸗
254 4068 1919 4182 cken / daß darumb dieſelbe Graffen und Her⸗
244 4174 1923 4295 ren / ꝛc. ihre Güter nicht eben alle in der Eyffel
250 4287 1922 4407 haben. So iſt auch Münſter in der Eyffel
248 4397 1919 4519 Gülchiſch: Und ſcheinet / daß Quade ſein er⸗
245 4513 1920 4628 wehnte Beſchreibung auß Münſtero genom⸗
262 4621 1921 4736 men habe. Daſelbſt ſtehet in der neuen Edi-
257 4735 1924 4854 tion lib. 5. cap. 165. Daß der Eyffler Hand⸗
252 4845 1924 4966 thierung faſt mit Rindvieh / Honig und
259 4956 1923 5074 Wachs / ſeye. In dem gedachten See zu Ul⸗
249 5066 1924 5195 men / ſey ein Fiſch / auff dreyſſig Schuh / und
250 5177 1920 5303 ein anderer auff zwölff Schuh lang / ſo Hecht
258 5284 1916 5417 Geſtalt haben; welche / wann ſie ſich ſehen laſ⸗
247 5401 1919 5530 ſen / ſo ſterbe gewiß ein Ganerb deß Hauſes
247 5512 1915 5643 Ulmen / es ſey Mann oder Frau. Hiebey
250 5628 1918 5751 iſt auch nicht zu verſchweigen / daß ſich das
247 5731 1917 5868 Städtlein Mayen bey dieſem annoch währen⸗
246 5845 1918 5967 den Krieg tapffer gehalten / dann als es im ver⸗
247 5962 1918 6094 gangenen 1673. Jahr von den Frantzoſen ange⸗
236 6068 1916 6228 griffen worden / haben ſich die Einwohner zur
2145 3284 3658 3413 Orzeiten Mons Tabor, und Montha-
2144 3403 3655 3515 bor, jetzt insgemein Montebaur / iſt auch
1970 3513 3657 3629 ein Trieriſche Stadt / aber diſſeits Rheins /
1968 3628 3657 3741 nahend Engers / Hadamar / und Hermanſtein /
1967 3737 3659 3857 oder Ehrenbreitſtein / davon nicht ſonders weit
1969 3849 3654 3968 die Seyn in den Rhein fällt / und hoch gelegen;
1970 3966 3655 4076 dahin man von Coblentz zwo Meilen rechnen
1970 4069 3652 4196 thut. In der Trieriſchen Chronick Wilh.
1969 4186 3655 4300 Kyriandri ſtehet: Daß der LXXXVII. Bi⸗
1971 4286 3654 4403 ſchoff Theodericus, wider den Gewalt der
1969 4408 3655 4539 Tyrannen der Landſchafft / wo dieſes Monta⸗
1968 4523 3656 4651 bur gelegen / ein ſtattlich Schloß erbauet; wel⸗
1973 4634 3651 4750 ches Ertzbiſchoff Henricus, der Anno 1286.
1974 4747 3656 4881 geſtorben / wie auch ſein Nachfahr Boemun-
1980 4855 3656 4988 dus, oder Beomundus, mit Gebäuen gezie⸗
1975 4971 3649 5098 ret: Und Ertzbiſchoff Johannes von Baden /
1976 5080 3654 5217 ſo An. 1503. Tods fürworden / in dem Schloß⸗
1972 5200 3654 5330 graben allhie einen Brunnen graben laſſen ha⸗
1969 5309 3654 5445 be. Munſterus meldet: Daß Montabur An⸗
1972 5431 3653 5560 no 1534. in zwo Stunden gantz abgebronnen /
1969 5540 3657 5668 und da groſſes Gut / Leut / und Vieh / verdor⸗
1970 5647 3652 5785 ben ſeye. Es iſt aber / wie obgedachter Kyrian⸗
1974 5767 3650 5889 der / im fünffzehenden Theil ſchreibet / die
1969 5874 3650 6009 Stadt vom Käyſer Rudolpho, auff deß ge⸗
1965 5991 3648 6116 melten Ertzbiſchoffs Boemundi zu Trier / der
1965 6102 3647 6236 Anno 1299. geſtorben / Vorbitt / mit der Frey⸗
2487 3101 3159 3247 Montabur.
1910 358 3626 478 Gegenwehr geſetzet / und 9. Reuter ſat 4.
1912 473 3632 601 Pferden tod geſchoſſen; darauff ſie ſich zu rück
1917 592 3634 708 gezogen / aber mit Stücken wieder zu kommen
1920 699 3636 818 bedrohet; Ob nun zwar die Feind 1500. Mann
1923 814 3636 932 zu Fuß ſtarck / benebens 2000. Reutern / mit
1922 931 3637 1047 3. Stücken / eine Belägerung vorgenommen /
1922 1042 3639 1155 haben ſie doch damit nichts ſchaffen mögen /
1926 1150 3638 1268 ſondern Hauptmann Kop mit 130. Mann /
1927 1269 3641 1380 neben den Bürgern und eingeflüchten Land⸗
1926 1379 3641 1493 volck 10. Tage lang dergeſtalt ſich gewehret /
1928 1488 3641 1604 daß biß 130. Frantzoſen darvor tod geblieben /
1929 1602 3643 1719 und beſchädigt worden. Den Belägerten wur⸗
1932 1718 3644 1827 den endlich von Coblentz noch 100. Mann mit
1933 1826 3644 1943 nöthiger munition zugeſchickt / welche ſich den
1935 1943 3644 2053 12. 22. Auguſti bey anbrechenden Tag mit
1937 2051 3645 2166 beyderſeits Verluſt durchgeſchlagen und hin⸗
1941 2165 3643 2282 ein kommen. Als ſolches die Frantzoſen geſe⸗
1941 2275 3647 2391 hen / und verſpührt / daß ſie es mit Soldaten
1943 2389 3649 2504 zu thun / auch ohne das ihre Mine an der
1959 2498 3650 2622 Stadtmauer zu rück geſpielet / und viel beſchä⸗
1960 2617 3649 2730 digt / haben ſie die Belagerung auffgehoben /
1955 2726 3653 2839 aber wegen ihres Verluſts ſelbiger Gegend /
1965 2835 3653 2964 und umb Münſter⸗Meinfeld / 8. Dörffer in
1967 2949 2539 3062 Brand geſteckt.
