3870 6490
843 4432 1382 4611 Münſter.
253 375 1923 512 heit begabet worden / als wie ſonſten die Kö⸗
253 491 1924 619 nigliche Magnificentz / die Städte in die Frey⸗
253 599 1931 736 heit zu ſetzen pfleget. Chemnitius im 2. Theil
256 718 1931 837 vom Schwediſchen Krieg Anno 1653. zu
252 824 1934 954 Stockholm / in Schweden gedruckt / ſagt / daß
252 940 1933 1064 Anno 1633. Herr Pfaltzgraff Chriſtian / und
251 1048 1935 1162 der General Baudiſſin / nahend Vallendar
251 1158 1936 1284 und Bondorff / oder Beudorff / etliche deß
255 1266 1933 1399 Feinds Trouppen / ſo die vorige Nacht Mon⸗
251 1380 1932 1511 tabur überraſcht / angetroffen; hernach den 19.
256 1491 1934 1617 Martii dieſe Stadt Montabour mit Accord
253 1602 1937 1736 einbekoen; aber weil das Schloß ſich wehr⸗
255 1716 1936 1843 te / auch die Stadt wieder verlaſſen; und deß⸗
253 1824 1928 1959 gleichen dem Churfürſten von Trier / den 13.
259 1941 1931 2071 Aprilis, die Stadt Limburg cedirt hätten. Es
254 2053 1925 2178 haben aber die verbundene Völcker hernach
254 2157 1929 2287 Montabur wieder eingenommen; welche / da
255 2271 1929 2403 ſie der Gegentheil angegriffen / Anno 1635. der
257 2381 1931 2514 Graff von Naſſau⸗Dillenberg / auff Schwe⸗
221 2494 1931 2622 diſcher Seiten / nachdem er zuvor das Schloß
254 2605 1932 2738 Hohen⸗Solms beſetzt / entſetzet hat. Anno
265 2716 1931 2846 1642. ſeyn die Hatzfeldiſchen dem Churfürſten
255 2826 1943 2954 von Cöllen zu hülff / durch die Wetterau / auff
257 2946 1932 3069 Kirchheim / Friedberg / Uſingen / durch den
258 3052 1936 3175 Kambergiſchen Grund / von dannen auff Lim⸗
257 3167 1937 3292 purg / Montabur / Andernach / und fürters ab⸗
257 3275 1940 3405 warts gegangen. Johannes Guintherius An-
245 3389 1938 3516 dernacus, ſagt in ſeinem Tractat von den Bä⸗
259 3496 1939 3621 dern / ꝛc. am 144. Blat / daß an den Gräntzen
264 3608 1947 3764 deß Weſterwalds / bey der Stadt Montebaur /
265 3732 1038 3848 ein Saurbronn ſeye.
341 3826 1938 3961 Es hat der Herr Churfürſt von Trier noch
259 3944 1934 4063 mehr ſtattliche Güter / und Aempter auff dem
261 4055 1938 4179 Weſterwald / darunter das Städtlein Grim⸗
261 4171 1940 4308 berge ſeyn ſolle; davon wir aber keinen gründ⸗
261 4287 1233 4412 lichen Bericht haben.
1973 380 3632 507 im fünffzehenden Theil der Trieriſchen Chro⸗
1977 495 2455 603 nick ſchreibet.
434 4608 1935 4731 M Meyenfeld / oder Meynfeld / von wel⸗
452 4718 1938 4839 cher Gegne oben bey Meyen geſagt wor⸗
262 4831 1942 4951 den. Iſt ein anders Münſter / als die Stadt
265 4942 1958 5071 Münſtereyfel / ſo an den euſſerſten Gräntzen
263 5054 1958 5171 deß Gülcherlands / da die Eyffel ihren Anfang
264 5164 1946 5290 hat / ligen thut. Dieſe Stadt Münſter aber im
264 5277 1953 5400 Trieriſchen / ligt nahend Alcken / zwiſchen den
264 5386 1942 5503 Waſſern Eltz / und der Moſel: Welche der
262 5498 1935 5627 LXXXVIII. Biſchoff zu Trier / Arnoldus,
265 5612 1956 5734 ein Graff von Iſenberg / ſo An. 1260. geſtor⸗
267 5726 1943 5844 ben / mit einem Wall umbgeben / und zum theil
266 5835 1948 5957 Mauren: Sein Nachfahr / Henricus, aber / ſie
270 5949 1946 6069 noch mehrers mit ſtarcken Mauren hat beve⸗
271 6058 1944 6202 ſtigen laſſen; wie viel angezogener Kyriander
2442 610 3175 828 Neumagen.
2318 4944 3319 5123 Nidern⸗Brechen.
2196 825 3635 941 Eomagus, an der Moſel / oberhalb Vel⸗
2216 935 3644 1049 dentz / und auff 3. Meil unterhalb Trier /
1957 1044 3643 1160 ein Dorff und Schloß / und recht Römiſch
1957 1153 3641 1272 Gebäu / welches man gleich in dem Anſchau⸗
1957 1273 3640 1383 en vermercken kan. Wird bey den Alten No-
1957 1382 3642 1496 viomago, Numago, Neonmagen, und vom
1957 1490 3637 1602 Auſonio Nivomagum, (darfür Ortelius
1957 1594 3637 1714 Neumagum lieſet) heutiges Tages von den
1957 1709 3641 1826 umbwohnenden Nymägen / und Numagen /
1957 1824 3696 1938 genannt; wie von ſolchem berühmten Ort / un⸗
1957 1932 3679 2047 ter andern inſonderheit Marquard. Freherus
1957 2048 3650 2155 in ſeinem Commentario, über gedachtes Au-
1973 2154 3694 2267 ſonii Moſellam pag. 16. 19. & 20. zu leſen:
1957 2265 3726 2378 Daſelbſt er auch ſagt: Wie es glaublich ſeye /
1957 2371 3646 2490 daß dieſer Ort auch in folgenden Zeiten nicht
1957 2484 3638 2600 unbekant geblieben / als der zwo Kirchen habe /
1957 2596 3641 2712 an deren einer Thür in Stein ein Schrifft ein⸗
1957 2707 3644 2826 gehauen ſtehe / ſo er am 20. Blat ſetzet / darauß
1957 2818 3641 2932 zu ſehen / daß viel Heiligthümer allda ſeyn.
1957 2924 3733 3048 Folgends iſt dieſes Nümagen unter dem Titul
1957 3039 3647 3155 einer Graff⸗ und Freyen⸗Herꝛſchafft / berühmt
1957 3147 3652 3259 geweſen / ſo zu ſeiner deß Freheri, Zeiten / umbs
1957 3257 3652 3385 Jahr 1612. Herrn Graff Georgen von Seyn /
1957 3367 3652 3480 und Witgenſtein / als ein Lehen vom Ertzſtifft
1957 3476 3654 3599 Trier / gehöret hat. In der Trieriſchen Chro⸗
1957 3591 3650 3710 nick ſtehet: Daß Ertzbiſchoff Beomundus
1957 3693 3649 3820 von Warnesberg / das Unter⸗ Schloß Nü⸗
1957 3807 3650 3930 magen / nahend Trittenheim / dem Flecken /
1957 3918 3649 4042 (an der Moſel / zwiſchen Trier / und gedach⸗
1957 4033 3652 4153 tem Nümagen / gelegen) Johannis Tritten-
1957 4142 3658 4263 hemii Vaterland / von Grund auff neu er⸗
1957 4253 3654 4376 bauet habe. Leodius in dem Leben Churfürſts
1957 4367 3653 4488 Friderici II. Pfaltzgraffens / ſchreibet lib. 12.
1957 4477 3655 4599 pag. 429. Daß man von Simmern / durch
1957 4580 3656 4714 Kirchberg / und dieſes Nümagen / auff Trier /
1957 4695 3715 4823 von dar auff Lützelburg / das Städtlein Mar-
1957 4805 3493 4950 che, Segnor, Namur, und Brüſſel / reiſe.
2123 5145 3671 5258 Ls Herr Cuno von Falckenſtein / Ertzbi⸗
2131 5257 3664 5380 ſchoff zu Trier / die gantze Herrſchafft
1993 5368 3667 5484 Malsburg / oder Molsburg / umbs Jahr
1992 5485 3661 5602 1367. gekaufft / da hat er über drey oder vier
1990 5594 3660 5714 Jahr / auß dem Dorff Nidern⸗Brechen / die⸗
1995 5704 3661 5824 ſer Herr⸗ oder Graffſchafft / eine Stadt ge⸗
1993 5816 3661 5931 macht. Er behielte auch ein die Incorpora-
1994 5926 3665 6047 tion derſelben Kirchen / und Paſtoreyen zu
1995 6037 3661 6170 Brechen. Dieſelbe Paſtorey zu Brechen /
