3870 6490
2163 4281 3673 4419 N Ardenn. In der Trieriſchen Chronick
2190 4399 3672 4529 ſtehet: Daß Ertzbiſchoff Johannes II. zu
2002 4514 3673 4642 Trier / ſo Anno 1503. geſtorben / die Graff⸗
2005 4625 3672 4749 ſchafft Salm in Ardenn / umb zehen tauſend
2006 4731 3675 4863 Gülden / von Petro, Herrn von Reifferſcheid /
2012 4847 3674 4968 erkaufft habe. Muß alſo dieſes ein andere
1997 4951 3675 5093 Graffſchafft / als die jenige / daran Lothrin⸗
2011 5059 3675 5204 gen / und die Rheingraffen / Theil haben / ſeyn /
2013 5181 3676 5315 deren Anſchlag auß der Reichs⸗Matricul zu
2008 5293 3678 5427 erſehen iſt. Guicciardinus, in Beſchreibung
2015 5398 3677 5527 Niederlands / ſagt: Es lige das Städtlein
2015 5516 3676 5655 Salm / ſo Graffſchafft Titul habe / vierzehen
2013 5623 3678 5766 Meilen von Lützenburg. Aber offterwehn⸗
2013 5749 3674 5873 ter Ortelius, heiſſt es nur ein Dorff / auff ei⸗
1987 5855 3679 5993 nem Berge / und rauhen Ort / zwiſchen hohen
1985 5966 3680 6101 Steinfelſen; und dann etwas ferners ein
1983 6080 3677 6221 Schloß / gleiches Namens / auff einem etwas
2590 4106 2998 4250 Salm.
447 1717 1923 1855 On theils Paltz / Pfältzel / und Pfaltz /
279 1837 1925 1963 und Palatiolum genannt / iſt gleichſam
276 1948 1930 2082 für eine Vorſtadt der Stadt Trier / unter wel⸗
282 2055 1927 2190 cher ſie ein wenig / und wie theils ſchreiben /
284 2166 1931 2302 faſt bey einer halben Meil / an der Moſel gele⸗
284 2281 1933 2411 gen / zu achten; ein kleines Städtlein / und
284 2388 1939 2525 Schloß / welches Johannes III. der Ertzbi⸗
280 2509 1960 2630 ſchoff zu Trier / ſo Anno 1540. geſtorben / ge⸗
283 2614 1961 2740 waltig zu beveſtigen / ihme vorgenommen hat;
287 2724 1940 2849 als welcher der Stadt Trier nicht zum beſten
294 2837 1943 2962 gewogen geweſen ſeyn ſolle; wie in der Trieri⸗
259 2945 1948 3075 ſchen Chronick part. 14. fol. 213. ſtehet: Die
293 3056 1948 3180 auch anderswo ſaget / daß dem Ertzbiſchoff Jo-
297 3178 1953 3289 hanni zu Trier / der Anno 1212. geſtorben / der
295 3289 1956 3405 Pfaltzgraff die Kaſtenvogtey / ſo er gehabt / mit
299 3396 1954 3512 allen Lehenſchafften und jährlichen Dienſten /
295 3505 1954 3622 ſo in ſolchem Ertzbiſtthumb ſein Vorfahr /
253 3620 1952 3738 Pfaltzgraff Conrad hatte. übergeben habe. Fre-
297 3736 1948 3845 herus ſchreibet part. 1. Origin. Palat. cap. 2.
294 3841 1955 3952 Daß die Landſchafft zwiſchen Andernach / und
264 3948 1954 4066 Coblentz / neben dem Rhein / und an der Moſel /
303 4066 1960 4174 vorhin zur Pfaltz gehört habe / und groß und
276 4174 1953 4287 klein Pellentz genannt: Aber umbs Jahr 1350.
306 4283 1958 4393 von den Pfaltzgraffen / der Trieriſchen Kir⸗
303 4395 1952 4501 chen geſchenckt / und von ſolcher wieder zu Le⸗
304 4502 1955 4613 hen empfangen / und nachmals den Graffen
276 4611 1960 4740 von Virnenburg zum Affter⸗Lehen gegeben
305 4725 922 4834 worden ſeye.
628 1546 1609 1735 Palentz / Pallentz.
515 5056 1967 5183 N der Moſel / nennet obgedachter Leodi-
515 5176 1963 5299 us, ein Städtlein oberhalb Zell / wird
306 5286 1960 5433 aber vielleicht Brideren ſeyn / welcher Name in
301 5391 952 5507 den Tafeln ſtehet.
915 4879 1351 5045 Priedel.
467 5711 1960 5843 In mächtige / und reiche Abbtey / in dem
481 5826 1958 5955 Ardenner Wald / und etwan ein Reichs⸗
310 5919 1959 6056 Stand / jetzt aber dem Ertzſtifft Trier incor⸗
275 6044 1958 6185 porirt; die gleichwol der Herr Churfürſt / mit
881 5542 1396 5709 Prumen.
1919 342 3695 478 ihrem Anſchlag / als einem zu Roß / und 13. zu
1920 472 3696 598 Fuß / gegen dem Reich vertritt. Anno 1650.
1921 579 3697 701 hat der Frantzöſiſche General Roſa / oder von
1922 692 3697 815 Roſen / Bercaſtel beſchoſſen / aber hernach den
1922 802 3698 931 Ort verlaſſen / als Er vernommen / daß die
1923 915 3699 1045 Lothringer / in der beſagten Abbtey Prumen /
1924 1027 3700 1157 logirten; wie in der Franckfurter Herbſt⸗Re⸗
1925 1138 3700 1264 lation; und daſelbſt auch dieſes ſtehet / daß / im
1925 1252 3701 1395 Hornung / ſelbigen Jahrs / die Lothringer zu
1926 1366 3702 1498 Daun / im Ertzſtifft Trier angelangt / her⸗
1927 1467 3702 1604 nach / zwiſchen Trarbach / und Berncaſtel /
1928 1583 3703 1707 über die Moſel gangen ſeyen / und das Schloß
1928 1701 3704 1834 Löſenich / durch Accord / erobert / und das
1929 1812 3705 1943 Schloß Sirſpurg / deß Churfürſten von
1930 1924 3705 2050 Trier Vettern einem gehörig / (ſo ein Paß an
1930 2035 3706 2160 der Saar / und Nid /) eingenommen hätten.
1931 2147 3707 2289 Es wird auch daſelbſt der Commenthurey
1932 2262 3264 2387 Bechingen an der Saar gedacht.
2615 2399 3042 2601 Reol.
1965 2598 3759 2753 On welchem Ort Ortelius, in obangezo⸗
2155 2727 3758 2834 genem Itinerario Gallo-Brabantino,
1965 2809 3758 2951 ſchreibet: Daß zur rechten Hand der Moſel /
1965 2944 3758 3056 nahend zwo Meilen unter Trier / und ein
1964 3048 3758 3174 Steinwurff von der Moſel / das Dorff Reol /
1964 3162 3757 3282 in der Höhe lige / ſo mit Bergen faſt umbgeben /
1964 3276 3757 3390 allda nicht ſo gar vor vielen Jahren das
1964 3379 3757 3506 Schloß Rigelburg (ſo Trieriſch) erbauet
1963 3499 3757 3618 worden / da vorhin der Alten Rigodolum, ge⸗
1963 3604 3756 3723 ſtanden / deſſen Tacitus gedencket: Wiewol
1963 3720 3756 3833 andere / ſo deß Ammiani Marcellini Beſchrei⸗
1963 3828 3756 3962 bung folgen / Coblentz darfür halten; wider
1962 3944 3756 4082 welche aber beſagter Ortelius, ſtreiten thut.
258 372 1935 522 wird nun zu ewigen Tagen einem Biſchoff zu
262 484 1936 629 Trier / in ſein Küchen dienend. Das löſet ſich
263 601 1910 747 wol an hundert Malter Korngülden; darüber
264 714 1910 866 hat ein Vicarius dannoch genug zu Beſchei⸗
268 823 1910 974 denheit; ſtehet in der Limpurgiſchen Chronick /
269 941 1914 1077 am 24. Blat / daſelbſten auch am 53. Blat ge⸗
268 1048 1931 1196 ſagt wird: Daß An. 1394. allhie / zu Nidern⸗
272 1174 1918 1298 Brechen / ein Kind gebohren worden / das war
275 1272 1920 1400 unten ein Menſch / und auffwarts in Geſtalt
272 1401 1000 1529 einer Krotten gleich.
