3870 6490
2404 2381 3135 2566 Trittenheim.
837 2531 1421 2710 Sarburg.
2115 3286 3620 3416 Ine Meil unter S. Goar / am Rhein / ein
2115 3406 3622 3523 beſchloſſener Flecke / ſammt einem Berg⸗
1966 3512 3626 3634 Schloß / iſt Trieriſch / gehört unter das Ampt
1974 3621 3618 3747 Poppart. Theils nennen dieſen Ort Wöll⸗
1974 3732 3629 3848 menich. Der Käyſerliche General von Bön⸗
1974 3837 3618 3963 ninghauſen / hat ihn / ſat dem mehrertheil deß
1952 3942 3624 4087 Rhingöws / biß gegen Bacharach über / Anno
1978 4074 2709 4186 1635. eingenommen.
240 445 1899 575 niedern Berg / in der Enge zween höhern Ber⸗
234 555 1890 690 gen / gelegen: Da unten im Thal etliche Häu⸗
239 668 1891 798 ſer ſeyn / und ein Bächlein / darbey die ſchwar⸗
237 785 1895 900 tze Schifferſtein außgearbeitet werden / die man
240 888 1898 1021 zum Decken brauchet / ſo allhie ſonderlich ge⸗
243 994 1896 1114 lobt werden. Von hinnen iſt er / Ortelius,
249 1100 1901 1247 durch den Ardenner Wald / nach dem Städt⸗
248 1209 1648 1360 lein Hufalize, drey Meilen gereiſet.
263 1339 1897 1471 Es hat an der Graffſchafft Salm auch
247 1450 1895 1572 Nieder⸗Eiſenburg oder Iſenburg / Feremſau /
249 1557 1897 1692 Theil. Die Graffſchafft Eiſen⸗ oder Iſen⸗
249 1670 1899 1800 burg aber / ſo zu dieſem Nieder⸗Rheiniſchen
246 1768 1901 1916 Kreyß auch gehörig / iſt ſat der Stadt Neu⸗
250 1890 1901 2019 mögen / Monatlich / einfach / auff zwey zu
251 2000 1902 2127 Roß / und 8. zu Fuß / oder 56. Gulden; und zu
254 2107 1903 2235 Unterhaltung deß Cammergerichts / jährlich /
257 2210 1905 2349 cum augmento, auff 25. Gulden / den Thaler
256 2326 1903 2497 zu 69. Kreutzer zu rechnen / angeſchlagen.
2433 3103 3150 3290 Welmenach.
2032 421 3451 588 Selters am Weſterwald.
2143 4322 3638 4480 Berhalb Ottweiler / an dem Waſſer
2157 4453 3645 4589 Bließ / in Weſterreich gelegen. In der
1961 4559 3640 4701 Trieriſchen Chronick ſtehet / daß Ertzbiſchoff
1961 4682 3640 4818 Balduin zu Trier / das Caſtell / ſat dem gan⸗
1962 4783 3638 4925 tzen Gebieth / erkaufft habe. Anno 1522. hat
1963 4896 3644 5031 Frantz von Sickingen dieſes Oppidum S.
1964 5002 3645 5136 Wendelini eingenommen; auß welchem Ort
1965 5119 3645 5259 Johannes Hilcken von Lorich / ſo einer auß den
1967 5227 3650 5373 Obriſten ſolches Zugs / und ein alter Feind
1968 5337 3650 5480 war / auch einen beſondern Krieg / in ſeinem /
1969 5444 3649 5581 und ſeiner Mitgehülffen Namen / der Stadt
1970 5549 3655 5699 Trier angekündet / wie daſelbſt am 213. Blat
1971 5663 3658 5813 ſtehet. Neulicher Zeit aber muſten die Wei⸗
1972 5778 3688 5923 mariſchen / nachdem ſie dieſe Stadt auch an⸗
1974 5889 3686 6030 gegriffen / und / einen gantzen Tag über / die⸗
1994 5989 3687 6139 ſelbe auß groben Stücken ſtarck beſchoſſen /
431 2714 1918 2875 Nterhalb Freudenberg / an der Saar ge⸗
433 2840 1916 2985 legen / daher auch dieſem Ort der Name
260 2964 1918 3083 kommen / der vorzeiten Caſtra Sarræ genannt
265 3057 1918 3205 worden iſt. Ertzbiſchoff Heinrich von Vin⸗
267 3175 1922 3319 ſtingen / hat das Schloß allhie / mit Sälen /
266 3283 1927 3414 Cammern / und andern Gebäuen / ſtatt⸗ und
266 3387 1930 3533 köſtlich renovirt. Sein Nachfolger / Ertz⸗
266 3508 1928 3646 biſchoff Boemundus, zu Trier / ſo An. 1299.
268 3611 1929 3758 geſtorben / hat vom Käyſer Rudolpho, durch
269 3720 1929 3858 Bitt / erlangt / daß er die Stadt / auß Königli⸗
272 3829 1949 3978 cher Macht / mit der Freyheit begabt / als wie
270 3938 1931 4088 ſonſten die Königl. Magniſicentz / die Städte
274 4045 1934 4192 in die Freyheit zu ſetzen pfleget; wie Wilhel-
277 4161 1933 4304 mus Kyriander in Annal. Auguſt. Trever.
281 4275 1937 4417 part. 15. ſchreibet. Marggraff Albrecht von
277 4374 1935 4519 Brandenburg / hat Anno 1552. die alte anſe⸗
279 4490 1937 4640 henliche Geſtalt dieſes Orts / durch die Feuers⸗
282 4608 1936 4749 flammen / alle hinweg genommen / wie in dem
282 4701 1929 4861 fünfften Theil deß Theatri Urbium, G.
284 4816 1946 4962 Brauns zu leſen; daſelbſten auch ſtehet / daß
286 4928 1945 5075 allhie S. Laurentzen Pfarrkirch; Der Con⸗
288 5043 1940 5190 hoff / Schock / und der Bellenhäuſer Behau⸗
289 5149 1948 5296 ſung: Item / das Ampthauß; deß Churfür⸗
293 5262 1949 5408 ſten Hauß Kutzagel / ſo hoch gelegen / zu ſehen;
292 5374 1951 5507 wie dann auch die Stadt ungleich / und zimlich
293 5486 1953 5630 hoch / ligt / wiewol auch unten an der Saar
297 5594 1946 5733 Häuſer / und das Spital S. Nicolai ſtehen.
299 5708 1954 5847 In dem jetzigen Krieg iſt dieſer Ort / wie auch
300 5816 1953 5957 Pfaltzel oder Palentz / von den Frantzoſen auch
302 5930 1950 6103 eingenommen / aber wieder verlaſſen wor⸗
306 6062 682 6195 den.
2458 4181 3152 4333 S. Wendel.
1907 1405 3620 1571 In Trieriſche Stadt / und Schloß / wie in
1910 1541 3622 1653 der Trieriſchen Chronick ſtehet / ſo der
1912 1648 3625 1790 LXXXVIII. Biſchoff zu Trier / Arnoldus,
1914 1765 3010 1895 zu beveſtigen befohlen hat.
2098 596 3561 730 Ird vor ein Chur⸗Trieriſch Städtlein
1967 713 3626 837 geſetzt / und ſagt D. Philippus Weber /
1938 825 3626 937 de thermis Wisbadienſibus, am 30. und 42.
1939 931 3626 1053 Blat / daß zwiſchen dem Trieriſchen Städt⸗
1926 1039 3626 1175 lein Selters / und Camberd / Saurwaſſer her⸗
1943 1165 2292 1274 für quelle.
2116 2014 3594 2170 Ird vom Munſtero eine Trieriſche
2129 2167 3598 2274 Stadt im Weſtereich genennet / allda ein
1927 2261 2426 2413 Saltzertz ſey.
2415 1253 3124 1421 Stoltzenfelß.
2559 1879 2976 2066 Thus.
1933 2529 3663 2700 In Flecken an der Moſel / zwiſchen Trier
1934 2672 3664 2787 und Nümagen / allda der berühmte und ge⸗
1935 2780 3664 2904 lehrte Abbt Johannes Trithemius iſt geboh⸗
1935 2885 3665 3031 ren worden / wie allbereit oben bey Neumagen
1937 3008 2555 3121 gedacht worden.
