3870 6490
443 2503 1953 2622 Ugenannt Oberweſel / am Rhein / zwiſchen
456 2613 1949 2726 Caub und S. Gewer / oder Goar / gelegen.
319 2719 1948 2841 Theils wollen / ſie haben vorzeiten Veſania,
330 2828 1952 2947 und Ficelia, geheiſſen. Iſt erſtlich ein Frey⸗
331 2937 1952 3058 ſtatt geweſen; nachmals aber unter Käyſer
333 3054 1951 3163 Friderico II. zum Reich kommen / und end⸗
328 3154 1956 3275 lich vom Käyſer Henrico VII. als er Gelts
328 3272 1955 3381 zum Italianiſchen Zug bedörfftig war / dem
330 3367 1957 3491 Churfürſtenthumb Trier geben worden. Man
331 3486 1951 3598 findet / daß ehe ſie völlig an das Reich kommen /
328 3600 1951 3709 ſie denen von Schönenberg gehöret / deren
329 3701 1952 3826 Schloß man noch auſſer der Stadt / auff ei⸗
324 3816 1948 3927 nem Berg ſiehet. Es hat dieſe Stadt ein lu⸗
322 3925 1950 4039 ſtiges Lager / ſchöne Gebäu / bevorauß aber
318 4034 1950 4143 ſchöne Kirchen; ſonderlich zu unſer Frauen / in
325 4141 1954 4255 dem obern Theil der Stadt / ſo erſtlich im Jahꝛ
329 4254 1951 4362 Chriſti 1307. (welches Jahr an hohen / und
311 4360 1951 4471 ſchönen Fenſtern im Chor / mit alter Schrifft
328 4472 1947 4581 verzeichnet ſeyn ſolle) angefangen / nachmals
323 4579 1944 4691 Anno 1331. zu Ehren der Jungfrauen Mariæ,
325 4690 1950 4800 und ihrer Mutter Annæ, eingeweyhet; vom
326 4798 1949 4910 Ertzbiſchoff Balduin aber in ein Stifft ver⸗
329 4910 1951 5024 kehret worden. Sonſten hat es allhie ein Jung⸗
329 5015 1946 5133 frau⸗Kloſter / oder Abbtey / deß Ordens S.
332 5127 1951 5237 Bernhardi, ſo in dem Stifft Trier das aller⸗
334 5237 1949 5354 ältiſte ſeyn ſolle / wie in deß G. Braunen vierd⸗
326 5345 1947 5466 ten Theil deß Städtbuchs ſtehet. An der
327 5455 1943 5573 Stadtmauer gegen dem Rhein / iſt ein Hoſpi⸗
323 5565 1944 5686 tal / in welches Kirch / bey dem Hohen Altar /
323 5676 1942 5794 ein höltzern Seul ſtehet / an welche die Juden
324 5786 1945 5905 ein Knäblein / Werner genannt / gebunden / ge⸗
326 5898 1939 6017 geiſſelt / und gemartert haben / biß es geſtorben
316 6003 1940 6144 iſt; Daran mit teutſchen Buchſtaben ge⸗
942 2324 1308 2479 Weſel.
1939 369 3711 517 ſchrieben ſtehet. Anno 1287. hat Wernerus
1939 511 3710 635 de Wammenraidt den Tod gelidten / 13. Kal.
1938 611 3710 747 Maji. Beſiehe hievon / neben Abraham Sau⸗
1938 732 3709 859 ern / in ſeinem kleinen Städtbuch pag. 254.
1937 843 3709 963 ſeq. und andern auch Trithemium in Chron.
1937 950 3708 1073 Hirſaug. welcher das beſagte Jahr ſetzet. Au-
1936 1062 3708 1184 bertus Miræus ſchreibt in Faſtis Belg. & Bur-
1936 1173 3707 1296 gund. p. 201. von dieſem Knäblein alſo: In
1935 1282 3707 1407 Veſalia ſuperiore S. Wernerus, poſtremus
1935 1394 3706 1516 Germaniæ Martyr, a Judæis occiſus, anno
1934 1504 3706 1628 1287. die Paraſceves. Natus is fuerat in
1934 1605 3705 1738 Wammenrato, vel Wammerano pago, qui
1933 1723 3705 1847 diei unius ſpatio abeſt Baccharaco, in Palati-
1933 1836 3704 1952 natu, ad Rhenum ſito. Itaque poſt mor-
1932 1946 3704 2070 tem corpus Bacharacum eſt deportatum, &
1932 2055 3703 2182 in ſacello, quod in colle hodieque viſitur,
1931 2166 3703 2289 honorifice depoſitum. Latuit ibidem mu-
1931 2274 3702 2395 ro incluſum, usq; ad menſem Martium an-
1930 2385 3702 2505 ni 1621. quo anno, juſſu Ambroſii Spinolæ,
1930 2491 3701 2618 ſtudiose quæſitum, inventum, ac Bruxel-
1929 2601 3701 2725 lam translatum. Oſſa tamen aliquot mi-
1929 2710 3700 2832 nora ſunt depoſita in Moguntino P. P. So-
1928 2821 3700 2947 cietatis Jeſu Collegio. Veſontii etiam eſt
1928 2931 3699 3055 digitus Index dextræ manûs, cum parte Su-
1928 3041 3699 3167 darii ejusdem, an. 1548. ex oppido Baccha-
1927 3149 3698 3275 racenſi, ad Baſilicam B. Mariæ Magdalenæ,
1927 3259 3698 3382 conſentiente Trevir. Electore Johanne, &
1926 3364 3698 3498 Friderico Comite Palatino, translatus. Auß
1926 3474 3697 3604 welchen Worten kürtzlich zu erſehen / daß be⸗
1925 3584 3697 3723 ſagten Knäbleins Cörper / von Weſel / nach
1925 3689 3696 3825 Bacharach / in die Untere Pfaltz gebracht wor⸗
1924 3803 3696 3941 den / allda er biß auffs Jahr 1621. gelegen / da
1924 3912 3695 4052 dann / auß Befelch deß Marggraffens Spi-
1923 4025 3695 4159 nolæ, als er die Pfaltz überzogen / geſucht / ge⸗
1923 4130 3694 4269 funden / und nach Brüſſel in Braband gefüh⸗
1922 4244 3694 4381 ret worden; auſſer etlichen Beinlein / ſo die Je⸗
1922 4353 3693 4493 ſuiter zu Meyntz haben; und deß Zeigerfingers
1921 4465 3693 4604 in der rechten Hand / der anno 1548. mit einem
1921 4566 3692 4715 Theil ſeines / deß Werners / Wiſchtüchleins /
1920 4686 3692 4826 auß Vergünſtigung deß Churfürſtens zu
1920 4794 3691 4937 Trier / und Churfürſt Friderichs / Pfaltzgraf⸗
1919 4905 3691 5048 fens / von Bacharach auff Biſantz kommen
1919 5014 3690 5158 ſeye. In S. Martini Stiffts⸗Kirch iſt ein
1918 5116 3690 5269 Abbt / ein Dechant / und fünff Prieſter. Herr
1918 5227 3689 5382 Werner von Falckenſtein Ertzbiſchoff zu Tri⸗
1917 5350 3689 5495 er / belägerte Anno 1389. dieſe Stadt mehr da
1917 5461 3688 5603 ein gantz Jahr / hiebe die Weingärten ab / und
1916 5570 3688 5716 thäte einen groſſen verderblichen Schaden mit
1916 5683 3687 5827 den groſſen Büchſen; wie in der Limpurgi⸗
1915 5793 3687 5939 ſchen Chronick fol. 46. ſtehet. Es hat dieſe
1915 5908 3686 6047 Stadt im vergangenen Krieg auch wol etwas
1914 6026 3686 6167 außgeſtanden. Anno 1631. hat ein Rheingraff /
225 409 1966 550 unverrichter Sachen / und mit Schaden / wie⸗
227 520 1968 668 der abziehen; wie Carve part. 2. Itiner. pag.
229 639 1970 769 143. ſchreibet. Georgius Engelſüß / im 2.
232 739 1971 885 Theil deß Weymariſchen Feldzugs / meldet /
233 849 1973 990 daß dieſer Ort Anno 1644. in Frantzöſiſchen
234 958 1975 1091 Gewalt gebracht worden ſey; Wiewol die
236 1070 1976 1219 Frantzoſen und Weymariſchen unter ihrem
238 1181 1978 1322 neuen General / dem Hertzogen von Longue-
239 1291 1980 1424 ville, vorhero / im Jahr 39. die Belagerung
241 1400 1981 1541 darvor wieder auff heben muſten. Und ſtehet
243 1509 1983 1645 auch in dem Tomo 5. Theatri Europæi, daß
244 1621 1985 1757 dieſes S. Wendel / im gedachten 44. Jahr /
246 1733 1986 1867 von den Frantzoſen / unter dem General Ma-
248 1842 1988 1982 gelotti, eingenommen worden / und daß er her⸗
249 1951 1990 2083 nach die inngehabte Poſten an der Saar meh⸗
251 2060 1992 2200 rertheils ruinirt / außgeplündert und verlaſſen
252 2186 737 2319 habe.
