<?xml version="1.0" encoding="UTF-8" standalone="no"?>
<PcGts xmlns="http://schema.primaresearch.org/PAGE/gts/pagecontent/2019-07-15" xmlns:xsi="http://www.w3.org/2001/XMLSchema-instance" xsi:schemaLocation="http://schema.primaresearch.org/PAGE/gts/pagecontent/2019-07-15 http://schema.primaresearch.org/PAGE/gts/pagecontent/2019-07-15/pagecontent.xsd">
  <Metadata>
    <Creator/>
    <Created>2021-09-14T08:25:49</Created>
    <LastChange>2023-01-10T12:25:10</LastChange>
    <Comments/>
  </Metadata>
  <Page imageFilename="0155.png" imageHeight="6490" imageWidth="3870">
    <ReadingOrder>
      <OrderedGroup id="g3">
        <RegionRefIndexed index="0" regionRef="r12"/>
        <RegionRefIndexed index="1" regionRef="r11"/>
        <RegionRefIndexed index="2" regionRef="r7"/>
        <RegionRefIndexed index="3" regionRef="r1"/>
        <RegionRefIndexed index="4" regionRef="r13"/>
        <RegionRefIndexed index="5" regionRef="r8"/>
        <RegionRefIndexed index="6" regionRef="r3"/>
        <RegionRefIndexed index="7" regionRef="r15"/>
        <RegionRefIndexed index="8" regionRef="r2"/>
        <RegionRefIndexed index="9" regionRef="r4"/>
        <RegionRefIndexed index="10" regionRef="r6"/>
        <RegionRefIndexed index="11" regionRef="r14"/>
        <RegionRefIndexed index="12" regionRef="r5"/>
        <RegionRefIndexed index="13" regionRef="r9"/>
        <RegionRefIndexed index="14" regionRef="r10"/>
      </OrderedGroup>
    </ReadingOrder>
    <TextRegion id="r1" orientation="0.0" type="paragraph">
      <Coords points="677,1963 677,1778 1532,1778 1532,1963"/>
      <TextLine id="l1">
        <Coords points="716,1778 1493,1778 1493,1959 716,1959"/>
        <TextEquiv index="0">
          <Unicode>Wimmingen.</Unicode>
        </TextEquiv>
        <TextEquiv index="1">
          <Unicode>Wimmingen.</Unicode>
        </TextEquiv>
      </TextLine>
      <TextEquiv>
        <Unicode/>
      </TextEquiv>
    </TextRegion>
    <TextRegion id="r2" orientation="0.375" type="paragraph">
      <Coords points="222,5567 222,2934 453,2939 478,2712 1935,2717 1943,3346 1919,3678 1942,4093 1919,4495 1919,5567"/>
      <TextLine id="l2">
        <Coords points="473,2718 1936,2710 1937,2817 474,2826"/>
        <TextEquiv index="0">
          <Unicode>Itelliacum, am Fluß Leſer / ſo von Man⸗</Unicode>
        </TextEquiv>
        <TextEquiv index="1">
          <Unicode>telliacum, am Fluß Leſer / ſo von Man⸗</Unicode>
        </TextEquiv>
      </TextLine>
      <TextLine id="l3">
        <Coords points="1937,2938 1937,2931 1936,2930 1936,2920 1935,2919 1935,2913 1934,2912 1803,2913 1802,2914 1794,2914 1794,2915 1753,2916 1751,2917 1751,2918 1751,2919 1748,2919 1747,2918 1746,2918 1744,2916 1744,2913 1743,2913 1631,2913 1631,2914 1631,2916 1630,2917 1630,2919 1630,2919 1628,2919 1626,2921 1626,2924 1625,2925 1624,2925 1622,2927 1621,2927 1619,2929 1617,2929 1616,2930 1531,2931 1529,2929 1524,2929 1523,2928 1522,2928 1521,2927 1517,2927 1512,2923 1512,2921 1511,2920 1511,2916 1510,2915 1510,2909 1509,2908 1441,2909 1440,2908 1325,2908 1325,2909 1325,2910 1322,2913 1322,2915 1321,2916 1321,2918 1320,2919 1320,2921 1318,2923 1318,2924 1317,2925 1314,2925 1313,2925 1313,2923 1312,2922 1312,2910 1311,2909 1268,2910 1267,2909 1266,2909 1265,2908 1241,2908 1240,2907 1061,2908 1060,2909 960,2910 958,2912 957,2912 955,2914 954,2914 952,2912 841,2913 841,2913 841,2926 840,2927 840,2928 840,2929 837,2929 836,2929 836,2931 835,2933 830,2933 829,2934 828,2934 827,2935 826,2935 825,2934 820,2934 819,2933 818,2933 817,2932 817,2931 816,2930 816,2929 815,2928 815,2915 814,2915 686,2916 686,2916 686,2929 684,2931 684,2932 684,2933 679,2933 677,2934 677,2935 676,2937 675,2936 675,2934 675,2934 593,2934 592,2934 592,2927 591,2926 591,2920 591,2919 489,2920 488,2919 486,2919 483,2917 482,2917 481,2915 481,2914 479,2913 475,2913 474,2911 474,2910 473,2909 473,2879 474,2878 474,2855 475,2854 475,2851 476,2850 477,2850 479,2848 479,2846 480,2845 484,2845 485,2845 485,2846 486,2847 486,2849 486,2850 591,2849 592,2849 592,2848 593,2847 593,2846 595,2844 595,2843 599,2838 600,2838 602,2836 606,2836 607,2835 611,2835 612,2836 666,2836 668,2838 669,2838 671,2840 814,2839 815,2837 815,2836 816,2836 817,2836 819,2833 819,2832 820,2832 833,2832 835,2834 836,2834 837,2835 838,2835 839,2836 840,2849 840,2850 897,2849 898,2850 1031,2849 1034,2846 1036,2846 1037,2846 1037,2845 1037,2844 1132,2844 1133,2843 1133,2841 1134,2840 1133,2839 1136,2837 1139,2837 1140,2835 1140,2834 1141,2833 1141,2832 1144,2830 1146,2830 1148,2828 1149,2828 1151,2826 1153,2826 1154,2827 1157,2826 1160,2829 1277,2829 1278,2828 1281,2828 1282,2829 1283,2829 1283,2829 1283,2835 1284,2836 1353,2835 1353,2836 1354,2850 1354,2850 1459,2850 1460,2849 1460,2840 1460,2839 1464,2839 1466,2841 1470,2841 1475,2846 1477,2846 1478,2847 1481,2847 1483,2849 1484,2849 1485,2850 1582,2850 1583,2851 1584,2851 1586,2853 1724,2852 1725,2851 1725,2848 1726,2847 1726,2845 1726,2845 1729,2845 1730,2844 1730,2838 1734,2834 1735,2834 1735,2833 1735,2832 1736,2832 1737,2832 1739,2830 1741,2830 1742,2829 1743,2829 1744,2828 1747,2828 1748,2827 1752,2827 1753,2826 1784,2825 1785,2824 1789,2824 1790,2823 1803,2823 1804,2824 1811,2824 1812,2825 1813,2825 1814,2826 1815,2826 1816,2827 1817,2827 1819,2830 1819,2831 1822,2834 1822,2835 1823,2835 1934,2834 1934,2834 1934,2817 1935,2816 1936,2816 1936,2817 1936,2834 1937,2835 1938,2938 1938,2938"/>
        <TextEquiv index="0">
          <Unicode>derſcheid herunter kot / und gegen Vel⸗</Unicode>
        </TextEquiv>
        <TextEquiv index="1">
          <Unicode>derſcheid herunter komt / und gegen Vel⸗</Unicode>
        </TextEquiv>
      </TextLine>
      <TextLine id="l4">
        <Coords points="1854,3045 1853,3044 1851,3044 1849,3042 1846,3042 1845,3041 1844,3041 1840,3037 951,3043 951,3043 951,3046 950,3047 561,3049 559,3047 429,3048 429,3049 429,3053 428,3053 428,3053 428,3049 427,3048 407,3048 406,3047 401,3047 400,3046 400,3045 399,3044 399,3037 398,3036 311,3037 310,3036 268,3036 267,3035 266,3035 264,3033 261,3033 260,3032 259,3032 258,3031 256,3031 254,3029 254,3008 253,3007 252,2970 253,2969 253,2967 254,2966 254,2964 255,2963 257,2961 260,2961 261,2960 262,2960 264,2958 461,2957 461,2957 461,2948 462,2947 835,2945 841,2939 845,2939 846,2938 867,2937 867,2937 867,2936 869,2934 886,2934 887,2935 1400,2932 1401,2933 1406,2933 1408,2935 1716,2933 1717,2934 1721,2934 1722,2935 1726,2935 1729,2938 1730,2938 1731,2939 1732,2939 1733,2940 1938,2938 1938,2939 1938,2976 1938,2976 1913,2977 1909,2980 1909,2981 1908,2982 1908,2983 1907,2984 1907,2986 1906,2987 1906,2988 1905,2989 1905,2990 1905,2991 1905,2993 1904,2994 1904,2995 1903,2996 1903,2997 1901,2999 1901,3003 1899,3005 1899,3008 1898,3009 1898,3011 1897,3012 1897,3013 1896,3014 1896,3015 1895,3016 1895,3018 1893,3020 1893,3021 1892,3022 1892,3024 1890,3026 1889,3026 1887,3028 1878,3028 1877,3029 1877,3031 1876,3032 1876,3034 1875,3035 1875,3036 1874,3037 1873,3037 1870,3040 1869,3040 1868,3041 1866,3041 1865,3042 1864,3042 1862,3044 1861,3044 1860,3045"/>
        <TextEquiv index="0">
          <Unicode>dentz über in die Moſel fällt. In dem Krieg /</Unicode>
        </TextEquiv>
        <TextEquiv index="1">
          <Unicode>dentz über in die Moſel fällt. In dem Krieg /</Unicode>
        </TextEquiv>
      </TextLine>
      <TextLine id="l5">
        <Coords points="1810,3152 1809,3151 1809,3150 1808,3149 1788,3149 1786,3147 1785,3147 1785,3147 1784,3136 1784,3135 1766,3136 1765,3135 1743,3135 1741,3133 1666,3133 1663,3136 1661,3136 1659,3138 1651,3138 1650,3139 1650,3140 1650,3140 1647,3140 1646,3139 1642,3139 1641,3138 1639,3138 1638,3137 1637,3137 1636,3136 1634,3136 1633,3135 1632,3135 1630,3133 1629,3133 1627,3131 1625,3131 1624,3130 1622,3130 1621,3129 1547,3130 1546,3131 1544,3131 1543,3132 1542,3131 1541,3131 1540,3130 1540,3129 1540,3129 1490,3129 1489,3128 1450,3129 1449,3128 1373,3128 1372,3129 1317,3129 1316,3128 1315,3128 1312,3125 1261,3126 1259,3127 1259,3128 1259,3129 1255,3129 1254,3129 1254,3130 1253,3132 1251,3132 1250,3133 1248,3133 1247,3134 1246,3134 1245,3133 1245,3124 1245,3124 1171,3124 1170,3125 1169,3125 1168,3126 1122,3127 1120,3125 1115,3125 1114,3124 1046,3124 1045,3125 1045,3126 1045,3126 1012,3126 1011,3127 1009,3127 1008,3128 1003,3128 1002,3129 1002,3144 1002,3145 1001,3144 1001,3130 1001,3130 902,3130 901,3129 820,3130 819,3130 819,3136 818,3137 818,3140 817,3141 817,3142 816,3143 816,3145 815,3146 816,3147 815,3148 815,3153 814,3154 788,3154 787,3153 786,3153 785,3151 784,3138 784,3138 721,3138 720,3139 721,3153 718,3155 717,3155 717,3156 717,3157 716,3157 715,3157 714,3156 704,3156 702,3154 701,3140 701,3139 692,3140 691,3139 691,3138 689,3136 641,3136 640,3136 640,3143 639,3144 639,3145 638,3146 639,3151 638,3152 638,3153 636,3155 634,3155 633,3156 632,3156 631,3155 630,3155 629,3153 628,3141 628,3141 542,3142 541,3142 542,3151 538,3155 535,3155 534,3154 533,3154 532,3153 530,3153 529,3152 528,3152 527,3151 526,3151 526,3150 525,3143 525,3143 457,3143 455,3145 453,3145 452,3146 448,3146 447,3147 446,3147 445,3148 441,3148 440,3149 438,3149 437,3148 430,3148 429,3147 427,3147 425,3145 423,3145 421,3143 372,3144 370,3146 369,3146 368,3147 367,3147 366,3146 315,3146 314,3147 310,3147 309,3148 310,3150 309,3150 308,3150 308,3150 307,3147 307,3146 272,3146 271,3145 270,3145 269,3144 262,3144 261,3143 259,3143 257,3141 256,3141 255,3140 251,3140 250,3139 249,3139 247,3138 248,3137 252,3137 252,3137 252,3108 253,3107 253,3087 254,3086 254,3078 259,3073 263,3073 263,3073 263,3072 263,3071 265,3071 266,3072 266,3073 267,3073 268,3073 268,3074 268,3077 269,3077 271,3077 271,3078 271,3079 272,3079 275,3079 277,3081 278,3081 279,3082 282,3082 283,3083 284,3083 285,3084 347,3084 348,3085 402,3084 402,3084 402,3082 403,3081 403,3079 404,3078 404,3076 405,3075 405,3074 407,3072 407,3071 408,3069 409,3069 413,3065 415,3065 419,3061 422,3061 423,3060 449,3060 451,3058 497,3058 498,3058 498,3082 499,3083 520,3083 522,3081 523,3081 525,3079 527,3079 532,3074 556,3073 556,3073 556,3071 557,3070 557,3069 557,3068 558,3068 560,3066 561,3066 564,3063 568,3063 571,3060 572,3060 573,3059 575,3059 576,3060 578,3060 580,3062 580,3064 580,3064 634,3064 635,3063 636,3063 637,3062 637,3061 637,3061 639,3061 642,3058 644,3058 645,3057 648,3057 649,3056 652,3056 653,3057 654,3057 656,3059 659,3059 661,3061 698,3060 699,3061 704,3061 708,3065 735,3065 737,3067 737,3081 738,3081 781,3081 782,3079 782,3078 783,3077 783,3073 784,3072 784,3070 786,3068 786,3067 788,3065 788,3064 789,3063 791,3063 792,3062 793,3061 793,3060 794,3059 794,3058 794,3058 795,3058 796,3057 797,3057 798,3056 798,3055 799,3054 799,3053 801,3051 828,3051 829,3050 830,3050 831,3049 837,3049 838,3048 839,3049 844,3049 845,3050 846,3050 847,3051 848,3051 849,3051 849,3052 852,3055 852,3056 852,3056 893,3056 898,3061 898,3063 899,3064 899,3066 900,3067 900,3072 901,3073 901,3074 903,3076 903,3082 905,3083 953,3083 954,3082 961,3082 961,3081 961,3055 962,3054 962,3053 963,3052 967,3052 970,3054 970,3055 972,3057 972,3079 973,3080 1029,3079 1029,3079 1029,3055 1029,3054 1030,3054 1032,3052 1033,3052 1034,3051 1051,3051 1054,3048 1055,3048 1056,3047 1057,3048 1058,3048 1059,3049 1061,3049 1063,3051 1063,3053 1064,3054 1064,3076 1065,3076 1079,3076 1080,3077 1132,3077 1132,3076 1132,3051 1132,3051 1133,3051 1133,3054 1134,3055 1134,3076 1135,3077 1155,3077 1156,3077 1177,3077 1178,3078 1214,3078 1215,3079 1216,3079 1217,3080 1219,3080 1221,3083 1221,3085 1223,3086 1224,3086 1226,3089 1226,3091 1227,3092 1227,3093 1228,3094 1228,3105 1229,3105 1285,3105 1285,3104 1285,3079 1286,3078 1286,3077 1287,3076 1287,3075 1290,3072 1290,3071 1292,3070 1293,3070 1293,3069 1297,3069 1299,3070 1322,3069 1323,3070 1376,3070 1376,3070 1376,3058 1378,3055 1379,3055 1382,3058 1382,3065 1382,3065 1434,3065 1436,3063 1436,3062 1437,3061 1437,3060 1439,3058 1439,3057 1439,3057 1440,3057 1441,3056 1444,3056 1446,3057 1446,3060 1447,3061 1447,3062 1447,3063 1448,3063 1450,3065 1451,3065 1452,3066 1454,3066 1455,3067 1458,3067 1463,3070 1519,3070 1520,3071 1609,3071 1610,3069 1610,3068 1611,3067 1611,3065 1611,3065 1612,3065 1614,3063 1614,3062 1615,3061 1615,3060 1616,3059 1616,3056 1618,3053 1619,3053 1621,3052 1622,3051 1622,3050 1622,3049 1625,3049 1626,3048 1627,3048 1628,3047 1630,3047 1631,3046 1635,3046 1636,3045 1640,3045 1641,3044 1643,3044 1645,3046 1649,3046 1650,3047 1651,3047 1652,3048 1654,3048 1656,3050 1677,3050 1679,3052 1679,3053 1679,3053 1680,3054 1681,3054 1683,3056 1683,3059 1685,3061 1685,3075 1686,3075 1728,3075 1729,3076 1784,3075 1784,3075 1784,3073 1785,3072 1785,3069 1786,3068 1786,3067 1788,3065 1788,3064 1790,3061 1792,3061 1793,3061 1793,3059 1795,3056 1796,3056 1801,3051 1804,3051 1805,3050 1806,3050 1807,3049 1808,3050 1840,3050 1841,3051 1842,3051 1843,3052 1846,3052 1848,3053 1848,3074 1849,3075 1888,3075 1889,3076 1908,3076 1909,3077 1910,3077 1911,3078 1911,3079 1912,3080 1912,3082 1913,3083 1913,3084 1915,3086 1915,3120 1917,3122 1917,3124 1916,3125 1916,3126 1913,3129 1913,3133 1911,3136 1906,3136 1905,3135 1882,3135 1881,3134 1880,3134 1879,3133 1822,3133 1821,3134 1821,3138 1820,3139 1820,3141 1818,3143 1819,3148 1818,3149 1818,3150 1815,3152"/>
        <TextEquiv index="0">
          <Unicode>den Ertzbiſchoff Adelbero, mit dem Graffen</Unicode>
        </TextEquiv>
        <TextEquiv index="1">
          <Unicode>den Ertzbiſchoff Adelbero, mit dem Graffen</Unicode>
        </TextEquiv>
      </TextLine>
      <TextLine id="l6">
        <Coords points="247,3164 1934,3153 1935,3267 248,3278"/>
        <TextEquiv index="0">
          <Unicode>von Namur / geführet / iſt Witlich / ſo damals /</Unicode>
        </TextEquiv>
        <TextEquiv index="1">
          <Unicode>von Namur / geführet / iſt Witlich / ſo damals /</Unicode>
        </TextEquiv>
      </TextLine>
      <TextLine id="l7">
        <Coords points="1892,3378 1890,3376 1801,3376 1800,3377 1798,3377 1797,3378 1793,3378 1792,3377 1789,3377 1787,3375 1710,3376 1709,3375 1708,3375 1707,3374 1707,3373 1706,3372 1706,3360 1705,3360 1703,3360 1702,3359 1685,3359 1684,3358 1640,3358 1639,3357 1634,3357 1633,3356 1631,3356 1630,3355 1629,3355 1626,3352 1626,3351 1625,3350 1624,3350 1622,3348 1537,3349 1536,3350 1535,3350 1535,3351 1535,3352 1533,3353 1530,3353 1529,3354 1498,3354 1495,3351 1402,3352 1401,3353 1378,3353 1377,3354 1376,3354 1375,3355 1374,3354 1300,3355 1300,3355 1300,3360 1299,3361 1299,3367 1298,3368 1298,3369 1297,3370 1291,3370 1290,3371 1288,3371 1287,3372 1285,3372 1284,3370 1284,3369 1283,3369 1281,3369 1280,3367 1280,3366 1279,3365 1279,3355 1278,3355 1268,3355 1267,3354 1188,3354 1188,3354 1188,3353 1187,3352 1184,3352 1183,3351 1117,3352 1060,3352 1060,3353 1060,3354 1059,3354 1058,3354 1057,3355 1054,3355 1052,3357 1004,3357 1003,3358 1001,3359 1001,3358 1001,3356 1000,3356 882,3356 882,3357 882,3359 881,3360 881,3364 880,3365 880,3366 878,3368 878,3369 877,3369 876,3369 875,3371 875,3373 871,3377 871,3378 871,3378 866,3378 865,3379 864,3379 863,3378 862,3378 860,3377 860,3376 861,3374 862,3374 864,3372 865,3372 868,3370 868,3357 867,3356 740,3357 738,3359 717,3359 717,3360 717,3378 716,3379 716,3380 715,3381 715,3382 714,3383 707,3383 706,3384 701,3384 700,3385 699,3385 697,3384 696,3384 695,3383 693,3383 692,3382 691,3382 690,3381 690,3380 690,3380 606,3380 605,3381 601,3381 600,3382 600,3383 600,3383 596,3383 595,3384 592,3384 590,3382 564,3382 561,3380 561,3366 560,3365 454,3366 453,3367 450,3367 449,3366 359,3367 358,3368 255,3368 255,3369 255,3382 255,3382 254,3382 253,3382 253,3365 252,3364 249,3364 249,3364 249,3362 248,3361 249,3360 249,3358 250,3356 251,3356 252,3355 254,3355 255,3354 257,3354 258,3354 258,3334 257,3333 254,3333 250,3329 250,3321 251,3320 251,3317 256,3311 258,3311 259,3310 261,3310 262,3310 262,3309 262,3308 263,3308 264,3309 354,3309 355,3308 356,3308 357,3307 357,3306 359,3304 395,3303 396,3303 396,3301 396,3300 397,3300 398,3299 398,3298 399,3297 399,3296 400,3295 401,3295 402,3294 402,3293 404,3291 406,3291 406,3292 406,3295 408,3296 412,3296 414,3299 415,3301 415,3301 418,3301 419,3302 420,3302 421,3303 505,3303 506,3302 567,3301 568,3301 567,3291 568,3290 568,3287 572,3283 572,3282 577,3277 585,3277 586,3276 591,3276 592,3277 601,3277 602,3278 603,3278 604,3279 605,3279 605,3280 605,3281 607,3282 694,3282 695,3281 704,3280 705,3279 707,3279 708,3280 711,3280 713,3283 713,3298 714,3298 738,3298 738,3299 738,3300 739,3300 756,3300 757,3301 757,3302 758,3303 758,3304 759,3305 759,3306 759,3306 874,3305 875,3304 886,3304 888,3306 888,3307 888,3307 989,3307 990,3306 990,3305 991,3304 991,3303 994,3300 995,3300 997,3298 998,3298 999,3297 1000,3297 1000,3296 1000,3295 1002,3294 1006,3293 1006,3293 1006,3284 1008,3282 1008,3280 1009,3279 1009,3277 1011,3275 1014,3275 1015,3276 1016,3276 1017,3278 1017,3293 1018,3293 1109,3293 1111,3291 1119,3291 1120,3292 1120,3293 1121,3294 1184,3293 1184,3293 1184,3279 1185,3278 1218,3278 1219,3277 1274,3277 1275,3276 1283,3276 1284,3275 1285,3275 1286,3276 1287,3276 1287,3276 1287,3277 1288,3278 1288,3293 1289,3294 1376,3293 1377,3292 1444,3292 1444,3291 1444,3289 1445,3288 1445,3284 1448,3282 1455,3282 1457,3284 1458,3284 1461,3287 1461,3288 1462,3288 1463,3289 1464,3289 1466,3291 1581,3291 1581,3290 1581,3289 1582,3288 1582,3285 1583,3284 1583,3283 1587,3280 1590,3280 1590,3279 1590,3278 1591,3278 1593,3278 1594,3277 1595,3277 1595,3276 1595,3275 1596,3275 1597,3275 1598,3274 1599,3274 1600,3273 1607,3273 1608,3272 1611,3272 1612,3273 1613,3273 1614,3274 1621,3273 1622,3274 1623,3274 1625,3276 1626,3276 1627,3277 1717,3277 1717,3276 1717,3275 1720,3273 1733,3273 1734,3272 1736,3272 1737,3273 1739,3273 1742,3276 1743,3276 1744,3277 1790,3276 1793,3279 1876,3279 1877,3278 1878,3278 1878,3277 1878,3276 1879,3276 1881,3276 1882,3275 1886,3275 1887,3274 1889,3274 1890,3273 1916,3273 1917,3272 1919,3272 1921,3273 1925,3273 1925,3274 1925,3275 1926,3276 1926,3280 1925,3281 1925,3282 1925,3282 1924,3282 1923,3283 1918,3284 1917,3284 1918,3302 1917,3303 1917,3308 1910,3315 1910,3322 1909,3323 1909,3326 1908,3327 1908,3329 1907,3330 1907,3341 1906,3342 1906,3344 1905,3345 1905,3346 1904,3347 1904,3349 1903,3350 1903,3355 1902,3356 1902,3357 1901,3358 1901,3363 1900,3364 1900,3367 1899,3368 1899,3372 1898,3373 1898,3374 1898,3375 1896,3375 1894,3376 1894,3377 1894,3378"/>
        <TextEquiv index="0">
          <Unicode>vor dem Jahr 1152. in welchem der Biſchoff</Unicode>
        </TextEquiv>
        <TextEquiv index="1">
          <Unicode>vor dem Jahr 1152. in welchem der Biſchoff</Unicode>
        </TextEquiv>
      </TextLine>
      <TextLine id="l8">
        <Coords points="269,3500 268,3499 257,3499 255,3497 249,3497 248,3496 248,3495 247,3494 247,3492 245,3490 245,3485 244,3484 240,3484 240,3484 240,3483 239,3482 239,3481 239,3481 242,3480 243,3480 243,3479 243,3478 244,3478 245,3478 245,3463 246,3462 245,3454 247,3452 247,3440 250,3437 251,3437 253,3435 254,3435 255,3434 257,3434 259,3432 259,3431 260,3430 261,3430 261,3430 261,3428 263,3426 269,3426 269,3426 269,3425 270,3424 270,3421 271,3420 273,3420 274,3419 322,3419 324,3417 339,3417 339,3416 339,3415 340,3414 340,3412 341,3412 343,3412 344,3410 344,3407 346,3405 346,3404 347,3404 348,3404 349,3403 350,3403 352,3401 355,3401 358,3397 358,3395 359,3395 767,3392 768,3391 943,3390 944,3389 945,3389 947,3387 948,3387 949,3386 950,3386 951,3385 952,3385 953,3384 956,3384 957,3383 969,3383 970,3382 1109,3381 1110,3382 1364,3380 1368,3385 1368,3386 1369,3386 1533,3385 1534,3386 1580,3386 1581,3387 1582,3387 1583,3388 1584,3388 1585,3389 1585,3403 1586,3404 1652,3403 1654,3405 1767,3405 1767,3405 1767,3406 1768,3407 1768,3409 1769,3409 1878,3409 1879,3410 1880,3410 1882,3412 1882,3413 1883,3414 1883,3415 1884,3416 1884,3419 1885,3420 1911,3420 1911,3420 1911,3439 1912,3440 1912,3442 1911,3443 1911,3444 1910,3445 1910,3446 1910,3447 1909,3447 1908,3447 1908,3448 1908,3449 1908,3450 1905,3453 1904,3453 1902,3455 1901,3455 1899,3457 1898,3457 1897,3458 1897,3459 1895,3461 1876,3461 1874,3463 1872,3463 1868,3467 1849,3467 1849,3467 1849,3470 1848,3471 1848,3473 1845,3476 1845,3478 1844,3480 1844,3481 1843,3482 1843,3483 1839,3486 1836,3486 1836,3487 1836,3488 1835,3488 1827,3488 1826,3489 1752,3490 1751,3489 1750,3489 1749,3488 1535,3489 1534,3488 348,3496 348,3496 348,3497 345,3500"/>
        <TextEquiv index="0">
          <Unicode>geſtorben / noch ein Fleck geweſen / hinweg ge⸗</Unicode>
        </TextEquiv>
        <TextEquiv index="1">
          <Unicode>geſtorben / noch ein Fleck geweſen / hinweg ge⸗</Unicode>
        </TextEquiv>
      </TextLine>
      <TextLine id="l9">
        <Coords points="1767,3596 1392,3598 1391,3597 1391,3596 1391,3596 298,3603 249,3603 248,3604 248,3606 248,3606 246,3606 245,3606 245,3586 245,3585 244,3585 242,3584 242,3581 240,3579 240,3578 241,3577 244,3577 244,3577 244,3527 245,3526 245,3525 246,3524 246,3523 247,3522 247,3519 248,3517 254,3517 260,3511 263,3511 264,3510 265,3510 266,3509 267,3509 268,3508 689,3506 690,3505 874,3503 875,3502 876,3502 877,3501 878,3501 879,3500 880,3500 881,3499 883,3499 884,3498 1007,3497 1008,3496 1012,3496 1013,3495 1166,3494 1168,3492 1202,3492 1203,3491 1268,3491 1270,3493 1271,3493 1272,3493 1272,3496 1272,3497 1787,3493 1788,3494 1790,3494 1791,3495 1794,3495 1797,3498 1800,3498 1803,3501 1804,3501 1805,3502 1805,3503 1805,3503 1833,3503 1835,3505 1835,3506 1836,3507 1836,3519 1836,3519 1870,3519 1872,3521 1873,3521 1874,3521 1874,3522 1876,3524 1876,3528 1878,3530 1908,3530 1908,3530 1908,3531 1910,3533 1910,3547 1911,3548 1928,3547 1928,3548 1928,3555 1928,3555 1909,3556 1905,3559 1905,3560 1903,3563 1902,3563 1901,3563 1901,3564 1899,3567 1898,3567 1897,3568 1896,3568 1894,3569 1894,3570 1894,3571 1892,3571 1891,3571 1891,3572 1890,3574 1888,3574 1886,3576 1875,3576 1874,3576 1874,3577 1874,3578 1873,3578 1870,3581 1820,3581 1819,3582 1793,3582 1792,3583 1792,3584 1787,3589 1786,3589 1784,3591 1782,3591 1781,3592 1780,3592 1777,3595 1769,3595 1768,3596"/>
        <TextEquiv index="0">
          <Unicode>brant worden. Biſchoff Heinrich von Fin⸗</Unicode>
        </TextEquiv>
        <TextEquiv index="1">
          <Unicode>brant worden. Biſchoff Heinrich von Fin⸗</Unicode>
        </TextEquiv>
      </TextLine>
      <TextLine id="l10">
        <Coords points="254,3724 253,3723 252,3723 251,3723 251,3716 251,3715 236,3716 234,3714 234,3713 238,3710 247,3709 247,3709 247,3651 248,3650 248,3642 248,3641 249,3641 250,3640 251,3640 252,3640 252,3637 252,3636 254,3636 255,3636 255,3635 257,3632 260,3632 261,3632 261,3631 262,3630 262,3629 263,3627 264,3627 266,3626 266,3625 266,3624 267,3624 268,3624 268,3623 270,3620 277,3620 279,3618 532,3617 533,3616 535,3616 536,3615 652,3614 653,3613 656,3613 657,3612 659,3612 660,3611 661,3611 662,3610 664,3610 665,3609 1225,3605 1227,3603 1247,3603 1248,3602 1392,3601 1392,3600 1392,3598 1393,3598 1574,3597 1576,3599 1577,3599 1579,3601 1579,3602 1582,3605 1607,3605 1610,3608 1745,3607 1748,3609 1748,3623 1748,3624 1906,3623 1909,3625 1909,3626 1910,3627 1910,3631 1908,3633 1908,3636 1907,3637 1907,3638 1906,3639 1906,3640 1905,3641 1905,3642 1904,3643 1904,3644 1903,3645 1903,3646 1901,3648 1901,3652 1899,3654 1899,3658 1898,3659 1898,3660 1897,3661 1897,3663 1894,3666 1894,3667 1893,3668 1893,3671 1891,3673 1891,3674 1890,3675 1890,3676 1889,3677 1889,3681 1888,3682 1888,3683 1887,3684 1887,3688 1885,3690 1885,3691 1884,3692 1884,3693 1883,3695 1871,3695 1869,3696 1869,3697 1867,3699 1867,3700 1866,3701 1866,3702 1865,3703 1865,3704 1864,3706 1862,3706 1861,3706 1861,3707 1861,3708 1856,3708 1854,3710 1853,3709 1846,3709 1845,3708 1775,3708 1774,3707 537,3716 536,3716 536,3717 536,3718 265,3719 264,3720 263,3720 260,3723 256,3723 255,3724"/>
        <TextEquiv index="0">
          <Unicode>ſtingen hat Anno 1281. das Schloß Mailberg /</Unicode>
        </TextEquiv>
        <TextEquiv index="1">
          <Unicode>ſtingen hat Anno 1281. das Schloß Mailberg /</Unicode>
        </TextEquiv>
      </TextLine>
      <TextLine id="l11">
        <Coords points="1774,3824 1773,3823 1772,3823 1771,3822 1770,3822 1769,3821 1769,3819 1767,3818 248,3827 248,3828 248,3832 247,3832 238,3833 238,3832 238,3832 239,3832 240,3831 240,3829 241,3828 241,3808 242,3807 242,3761 243,3759 247,3759 248,3758 248,3756 249,3755 249,3754 250,3753 251,3753 252,3752 254,3752 255,3751 257,3751 258,3750 259,3750 261,3748 309,3748 310,3747 339,3747 339,3746 339,3738 340,3737 340,3736 344,3733 524,3732 526,3730 528,3730 528,3729 528,3727 532,3724 533,3724 534,3723 536,3723 538,3721 540,3721 541,3720 542,3720 544,3718 1805,3709 1806,3710 1810,3710 1811,3711 1812,3711 1813,3712 1815,3712 1818,3715 1822,3715 1822,3716 1822,3717 1824,3719 1824,3720 1825,3721 1825,3723 1826,3724 1826,3728 1827,3729 1827,3743 1828,3743 1871,3743 1872,3744 1872,3745 1878,3751 1906,3751 1906,3751 1907,3757 1906,3758 1906,3774 1905,3775 1905,3777 1904,3778 1904,3780 1903,3781 1903,3782 1901,3784 1900,3784 1896,3788 1895,3788 1892,3791 1891,3791 1888,3794 1887,3794 1887,3794 1887,3795 1885,3797 1884,3797 1883,3798 1872,3798 1871,3799 1870,3799 1867,3802 1867,3803 1865,3805 1814,3805 1813,3806 1812,3806 1811,3807 1809,3807 1808,3808 1795,3808 1795,3809 1795,3821 1795,3821 1926,3820 1927,3821 1927,3822 1926,3822 1791,3823 1790,3824"/>
        <TextEquiv index="0">
          <Unicode>mit der Kaſtenvogtey Witelich / und aller Zu⸗</Unicode>
        </TextEquiv>
        <TextEquiv index="1">
          <Unicode>mit der Kaſtenvogtey Witelich / und aller Zu⸗</Unicode>
        </TextEquiv>
      </TextLine>
      <TextLine id="l12">
        <Coords points="1932,3933 1932,3917 1931,3916 1931,3913 1930,3912 1857,3913 1856,3912 1753,3913 1753,3913 1753,3914 1752,3915 1752,3918 1751,3919 1751,3927 1749,3929 1748,3929 1747,3930 1746,3930 1745,3931 1676,3931 1675,3932 1673,3932 1672,3933 1666,3933 1664,3931 1664,3930 1663,3929 1663,3912 1662,3911 1621,3911 1619,3909 1618,3909 1617,3908 1433,3910 1430,3913 1386,3913 1386,3914 1386,3926 1384,3928 1384,3929 1383,3929 1382,3929 1381,3930 1376,3930 1375,3931 1374,3931 1373,3932 1371,3932 1370,3931 1361,3931 1359,3929 1359,3927 1357,3925 1320,3925 1320,3925 1320,3924 1319,3923 1319,3922 1318,3921 1299,3922 1297,3919 1297,3916 1295,3914 1294,3909 1294,3909 1174,3909 1174,3910 1174,3918 1173,3919 1173,3928 1171,3929 1088,3930 1088,3930 1088,3934 1087,3935 1083,3935 1083,3934 1083,3930 1082,3930 1006,3930 1006,3930 1006,3929 1003,3926 1003,3913 1002,3913 842,3914 840,3916 840,3919 836,3923 836,3926 835,3927 834,3927 833,3928 833,3929 830,3932 829,3932 828,3933 825,3933 824,3934 823,3933 822,3933 820,3930 820,3926 819,3926 697,3927 694,3930 692,3930 691,3931 688,3931 687,3932 684,3932 683,3931 681,3931 681,3930 681,3926 680,3925 680,3920 679,3920 578,3920 577,3919 466,3920 466,3921 466,3922 464,3924 464,3925 463,3925 460,3925 460,3925 460,3923 459,3922 428,3922 426,3920 314,3921 312,3923 311,3923 310,3924 280,3924 280,3925 280,3939 279,3939 237,3940 237,3939 237,3939 238,3939 239,3938 238,3833 238,3833 244,3832 245,3833 245,3836 246,3837 246,3841 247,3841 331,3841 333,3843 335,3843 335,3843 335,3844 336,3845 386,3845 386,3845 386,3850 387,3851 487,3850 487,3849 487,3847 488,3846 488,3845 489,3845 492,3845 492,3845 492,3846 493,3847 493,3853 494,3854 622,3853 622,3853 622,3847 624,3845 626,3845 627,3843 627,3842 629,3840 629,3839 630,3839 631,3839 632,3838 634,3838 636,3836 640,3836 641,3834 642,3834 645,3836 648,3836 649,3837 649,3849 650,3850 695,3850 697,3852 821,3851 822,3850 839,3850 840,3849 889,3848 890,3847 893,3847 894,3846 896,3846 898,3848 900,3848 900,3849 900,3851 901,3851 1003,3851 1003,3850 1003,3848 1005,3846 1005,3843 1006,3842 1008,3842 1008,3842 1008,3839 1013,3834 1013,3833 1015,3830 1016,3830 1018,3828 1031,3828 1033,3830 1033,3832 1037,3835 1172,3834 1173,3833 1173,3832 1174,3830 1175,3830 1176,3830 1176,3829 1179,3825 1181,3825 1183,3823 1190,3823 1191,3822 1192,3822 1196,3826 1196,3827 1197,3828 1306,3828 1309,3825 1335,3824 1336,3823 1337,3823 1338,3822 1342,3822 1343,3821 1344,3821 1345,3820 1354,3820 1355,3821 1356,3821 1358,3823 1358,3824 1359,3825 1359,3829 1359,3829 1373,3829 1374,3830 1376,3830 1379,3833 1379,3848 1380,3848 1496,3847 1496,3847 1496,3843 1497,3842 1497,3841 1499,3839 1499,3838 1500,3837 1500,3836 1501,3835 1502,3835 1503,3834 1508,3834 1509,3836 1509,3840 1512,3842 1513,3842 1514,3843 1517,3843 1520,3846 1625,3845 1627,3843 1628,3843 1629,3842 1658,3842 1658,3842 1658,3841 1659,3840 1659,3839 1660,3838 1660,3837 1662,3835 1662,3834 1664,3832 1665,3832 1666,3831 1666,3830 1667,3828 1668,3828 1671,3825 1674,3825 1675,3824 1679,3824 1680,3825 1713,3825 1714,3826 1715,3826 1717,3827 1717,3828 1718,3829 1718,3830 1718,3831 1763,3831 1765,3832 1769,3832 1769,3832 1769,3833 1770,3833 1771,3833 1772,3834 1776,3834 1777,3836 1777,3841 1778,3841 1876,3841 1876,3840 1876,3839 1877,3839 1878,3839 1879,3838 1927,3837 1927,3837 1927,3832 1928,3831 1928,3832 1928,3849 1929,3850 1929,3867 1930,3868 1930,3885 1931,3886 1931,3903 1932,3904 1933,3933 1932,3933"/>
        <TextEquiv index="0">
          <Unicode>hörde / umb zwey tauſend fünffhundert Pfund</Unicode>
        </TextEquiv>
        <TextEquiv index="1">
          <Unicode>hörde / umb zwey tauſend fünffhundert Pfund</Unicode>
        </TextEquiv>
      </TextLine>
      <TextLine id="l13">
        <Coords points="1787,4043 1787,4042 1785,4039 771,4046 770,4047 697,4048 696,4049 580,4049 579,4050 578,4050 577,4051 576,4050 574,4050 572,4048 369,4050 368,4049 368,4038 368,4038 309,4038 308,4037 304,4037 303,4036 251,4036 250,4035 245,4035 243,4034 243,4028 243,4027 225,4028 224,4027 225,4027 237,4027 237,4026 237,3940 237,3940 279,3939 280,3940 280,3943 280,3943 1081,3938 1082,3937 1082,3935 1082,3935 1310,3934 1311,3934 1312,3934 1313,3935 1538,3934 1539,3935 1542,3935 1543,3936 1544,3936 1546,3938 1547,3938 1548,3938 1548,3939 1548,3940 1731,3939 1732,3940 1914,3939 1915,3940 1933,3939 1934,3940 1934,3949 1933,3949 1918,3950 1916,3952 1914,3952 1914,3952 1914,3970 1912,3972 1912,3976 1910,3978 1905,3978 1904,3979 1904,3984 1903,3985 1903,3988 1902,3989 1902,3994 1901,3995 1901,4003 1900,4004 1900,4005 1899,4006 1899,4011 1898,4012 1898,4014 1897,4015 1897,4018 1895,4020 1895,4025 1894,4026 1894,4028 1893,4029 1893,4036 1888,4042 1791,4042 1790,4043 1790,4045 1790,4045"/>
        <TextEquiv index="0">
          <Unicode>Trieriſcher Pfenning erkaufft. Ertzbiſchoff</Unicode>
        </TextEquiv>
        <TextEquiv index="1">
          <Unicode>Trieriſcher Pfenning erkaufft. Ertzbiſchoff</Unicode>
        </TextEquiv>
      </TextLine>
      <TextLine id="l14">
        <Coords points="1924,4171 1922,4170 1922,4165 1921,4164 1921,4148 1921,4148 1784,4148 1783,4147 1155,4152 1154,4152 1154,4157 1154,4158 689,4161 688,4162 683,4162 682,4163 679,4163 678,4162 320,4164 319,4163 319,4162 319,4162 266,4162 264,4161 264,4156 264,4155 235,4156 234,4155 235,4155 243,4154 243,4154 243,4138 244,4137 243,4065 244,4064 244,4054 245,4053 246,4053 247,4055 247,4056 248,4057 248,4058 249,4058 1111,4053 1113,4051 1114,4051 1115,4050 1123,4050 1125,4048 1152,4048 1153,4047 1649,4043 1650,4044 1693,4044 1694,4045 1694,4048 1695,4049 1709,4049 1709,4049 1710,4063 1710,4064 1716,4064 1717,4064 1717,4069 1717,4070 1720,4070 1721,4070 1721,4072 1721,4073 1757,4073 1759,4075 1807,4074 1808,4075 1809,4075 1810,4076 1859,4076 1861,4077 1861,4078 1861,4079 1900,4079 1906,4084 1906,4085 1907,4086 1907,4113 1907,4114 1915,4114 1916,4114 1916,4127 1916,4128 1922,4127 1924,4129 1924,4132 1925,4133 1925,4142 1926,4143 1926,4147 1927,4148 1927,4171 1927,4171"/>
        <TextEquiv index="0">
          <Unicode>Balduinus hat hernach Witlich mit Mauren</Unicode>
        </TextEquiv>
        <TextEquiv index="1">
          <Unicode>Balduinus hat hernach Witlich mit Mauren</Unicode>
        </TextEquiv>
      </TextLine>
      <TextLine id="l15">
        <Coords points="1924,4273 1923,4272 1921,4273 1921,4272 1921,4262 1920,4262 1745,4263 1744,4262 1743,4262 1742,4261 1328,4263 1327,4262 1305,4263 1305,4262 1305,4261 1305,4261 1316,4260 1317,4260 1316,4259 449,4265 448,4267 448,4268 442,4273 441,4273 439,4275 436,4275 435,4276 432,4276 431,4277 425,4277 424,4276 422,4276 421,4275 415,4275 413,4273 317,4274 316,4273 282,4273 282,4273 282,4268 281,4267 261,4267 261,4267 261,4260 260,4259 248,4259 248,4259 248,4255 247,4254 246,4254 246,4254 246,4253 245,4252 240,4253 239,4251 239,4245 238,4245 234,4245 234,4244 234,4243 235,4242 237,4242 238,4241 238,4239 240,4237 240,4228 241,4227 240,4203 241,4202 241,4201 242,4200 244,4200 245,4199 246,4199 247,4198 248,4198 249,4197 250,4197 251,4196 253,4196 254,4195 305,4195 306,4194 371,4194 371,4193 371,4185 372,4185 373,4185 375,4182 375,4181 377,4180 379,4180 379,4179 379,4178 381,4177 383,4177 385,4175 386,4175 388,4173 507,4172 508,4171 773,4169 773,4169 773,4167 774,4166 835,4166 836,4165 1437,4161 1438,4160 1441,4160 1442,4159 1447,4159 1448,4158 1460,4158 1462,4160 1493,4159 1494,4160 1495,4160 1496,4162 1496,4174 1497,4174 1927,4171 1927,4172 1927,4205 1928,4206 1929,4223 1928,4224 1928,4273 1927,4273"/>
        <TextEquiv index="0">
          <Unicode>umbgeben; und Wernerus, ſo Anno 1418.</Unicode>
        </TextEquiv>
        <TextEquiv index="1">
          <Unicode>umbgeben; und Wernerus, ſo Anno 1418.</Unicode>
        </TextEquiv>
      </TextLine>
      <TextLine id="l16">
        <Coords points="1921,4385 1921,4384 1921,4378 1920,4378 1837,4378 1835,4376 1563,4378 1563,4377 1563,4375 1562,4375 345,4383 345,4383 345,4386 344,4387 344,4388 343,4389 341,4389 340,4390 281,4390 281,4391 281,4393 280,4393 280,4393 280,4390 279,4389 261,4389 259,4387 253,4387 252,4386 251,4386 250,4385 248,4385 246,4383 244,4383 243,4382 238,4383 238,4382 237,4357 237,4357 235,4357 234,4356 235,4356 243,4355 243,4355 243,4337 244,4336 244,4335 245,4334 245,4332 246,4331 247,4331 247,4331 247,4327 252,4322 254,4322 254,4322 254,4321 255,4320 255,4319 257,4317 258,4317 262,4313 263,4313 264,4312 265,4312 270,4307 271,4307 272,4306 337,4306 338,4304 338,4300 343,4295 343,4294 345,4292 346,4292 349,4289 352,4289 354,4287 355,4287 356,4286 358,4286 360,4284 361,4284 362,4283 898,4279 899,4278 903,4278 906,4275 1372,4272 1373,4272 1373,4271 1373,4270 1376,4270 1378,4268 1381,4268 1382,4267 1384,4267 1385,4266 1390,4266 1391,4265 1398,4265 1399,4266 1410,4266 1412,4267 1412,4269 1412,4270 1426,4270 1430,4273 1430,4274 1430,4275 1801,4272 1802,4273 1923,4272 1924,4273 1927,4273 1928,4274 1928,4346 1927,4347 1927,4363 1927,4363 1926,4363 1925,4364 1926,4381 1925,4382 1925,4384 1924,4384"/>
        <TextEquiv index="0">
          <Unicode>geſtorben / das Schloß von Grund auff zu</Unicode>
        </TextEquiv>
        <TextEquiv index="1">
          <Unicode>geſtorben / das Schloß von Grund auff zu</Unicode>
        </TextEquiv>
      </TextLine>
      <TextLine id="l17">
        <Coords points="577,4498 576,4497 571,4497 569,4495 387,4497 386,4496 235,4497 233,4495 233,4489 235,4488 237,4488 237,4487 237,4458 238,4457 238,4423 239,4422 239,4408 239,4408 241,4408 242,4407 245,4406 247,4404 249,4404 250,4403 252,4403 253,4402 257,4402 258,4401 259,4401 261,4399 658,4397 660,4395 661,4395 662,4394 662,4392 663,4391 665,4391 666,4390 673,4390 674,4389 1093,4386 1094,4385 1222,4384 1223,4383 1224,4383 1225,4382 1226,4382 1227,4381 1246,4381 1249,4378 1250,4378 1251,4377 1252,4377 1253,4376 1256,4376 1257,4375 1278,4375 1281,4377 1281,4378 1282,4380 1283,4380 1284,4381 1337,4380 1338,4381 1447,4381 1448,4382 1452,4382 1453,4383 1707,4381 1708,4382 1712,4382 1713,4383 1714,4383 1715,4384 1720,4384 1721,4385 1722,4385 1723,4386 1924,4384 1925,4385 1925,4398 1924,4399 1924,4415 1923,4416 1923,4432 1922,4433 1922,4450 1921,4451 1921,4460 1921,4461 1887,4461 1884,4463 1884,4464 1884,4465 1869,4465 1868,4466 1867,4466 1866,4466 1866,4467 1864,4469 1864,4470 1863,4472 1799,4472 1798,4473 1798,4478 1797,4479 1556,4481 1554,4483 1553,4483 1552,4484 1548,4484 1547,4485 799,4490 798,4491 796,4491 795,4492 794,4492 793,4493 659,4494 657,4496 592,4496 591,4497 588,4497 587,4498"/>
        <TextEquiv index="0">
          <Unicode>bauen angefangen; ſo ſein Nachfolger Ertzbi⸗</Unicode>
        </TextEquiv>
        <TextEquiv index="1">
          <Unicode>bauen angefangen; ſo ſein Nachfolger Ertzbi⸗</Unicode>
        </TextEquiv>
      </TextLine>
      <TextLine id="l18">
        <Coords points="570,4612 570,4607 570,4606 339,4608 338,4609 332,4609 331,4610 254,4610 253,4611 248,4611 246,4613 245,4613 240,4609 240,4608 239,4607 239,4601 239,4601 236,4601 235,4600 235,4598 235,4598 236,4598 237,4597 237,4540 238,4539 238,4529 239,4528 238,4523 239,4522 239,4520 243,4516 247,4516 248,4515 250,4515 251,4514 251,4513 252,4512 253,4512 254,4511 256,4511 256,4511 256,4510 258,4508 263,4508 264,4507 266,4507 267,4506 271,4506 272,4505 709,4502 711,4500 712,4500 713,4499 720,4499 721,4498 722,4498 723,4497 1308,4494 1309,4493 1310,4493 1310,4493 1310,4494 1311,4495 1726,4492 1727,4493 1730,4493 1731,4494 1759,4494 1760,4495 1765,4495 1766,4496 1767,4520 1767,4521 1829,4520 1830,4521 1851,4521 1854,4524 1892,4524 1893,4525 1894,4525 1895,4525 1895,4526 1896,4527 1896,4528 1897,4529 1897,4531 1901,4535 1901,4536 1902,4537 1902,4539 1903,4540 1903,4555 1902,4556 1902,4559 1900,4561 1900,4563 1899,4564 1899,4566 1897,4568 1897,4569 1896,4570 1895,4570 1894,4571 1894,4572 1892,4574 1892,4575 1891,4576 1891,4577 1890,4578 1888,4578 1885,4581 1884,4581 1884,4581 1884,4582 1883,4583 1528,4585 1528,4586 1528,4594 1525,4597 1524,4597 1523,4598 1514,4598 1513,4599 901,4603 900,4604 572,4606 571,4607 571,4612 571,4612"/>
        <TextEquiv index="0">
          <Unicode>ſchoff Otto Königlich außgebauet hat. Anno</Unicode>
        </TextEquiv>
        <TextEquiv index="1">
          <Unicode>ſchoff Otto Königlich außgebauet hat. Anno</Unicode>
        </TextEquiv>
      </TextLine>
      <TextLine id="l19">
        <Coords points="535,4724 530,4718 530,4714 529,4713 529,4703 528,4703 407,4703 406,4705 406,4707 405,4708 405,4709 404,4710 404,4711 403,4712 403,4715 402,4716 402,4718 401,4718 400,4718 400,4719 400,4720 399,4720 309,4721 309,4722 309,4723 308,4723 303,4723 302,4724 297,4724 297,4724 297,4723 296,4722 296,4704 295,4703 257,4703 256,4702 251,4702 251,4702 250,4659 249,4658 249,4657 250,4656 251,4656 253,4654 255,4654 257,4652 268,4652 269,4651 307,4651 308,4650 309,4650 310,4649 349,4649 350,4647 350,4646 351,4646 352,4646 354,4644 355,4644 357,4641 357,4640 360,4638 363,4638 364,4637 365,4637 366,4636 369,4636 370,4637 370,4648 371,4649 499,4648 501,4646 502,4646 502,4645 502,4644 503,4644 504,4644 506,4642 507,4642 509,4640 511,4640 513,4638 514,4638 514,4637 514,4626 516,4624 516,4623 518,4622 546,4622 547,4621 548,4621 549,4620 553,4619 554,4618 557,4618 558,4617 569,4617 569,4617 569,4613 570,4612 571,4612 571,4613 571,4617 572,4617 617,4617 620,4614 622,4614 623,4615 648,4615 649,4616 649,4641 650,4642 794,4641 794,4640 794,4615 798,4612 803,4612 804,4611 805,4612 807,4612 808,4613 808,4615 809,4616 815,4616 815,4616 815,4638 816,4639 954,4638 954,4637 954,4616 955,4615 955,4614 957,4613 963,4613 964,4612 973,4612 974,4611 1008,4610 1009,4611 1077,4611 1078,4612 1079,4612 1080,4613 1251,4612 1252,4610 1252,4609 1253,4609 1256,4609 1258,4607 1259,4607 1261,4605 1262,4605 1263,4604 1264,4604 1265,4603 1348,4602 1349,4601 1365,4601 1366,4600 1368,4600 1369,4601 1398,4601 1400,4603 1401,4603 1401,4603 1401,4606 1403,4608 1591,4607 1594,4610 1595,4610 1597,4612 1597,4626 1598,4627 1755,4626 1755,4625 1755,4624 1757,4622 1757,4621 1760,4618 1760,4616 1762,4615 1763,4615 1765,4612 1765,4611 1767,4610 1769,4610 1770,4609 1771,4609 1772,4607 1774,4607 1775,4606 1777,4606 1778,4605 1782,4605 1783,4604 1791,4604 1792,4603 1794,4603 1796,4605 1797,4605 1798,4606 1806,4606 1806,4607 1806,4610 1807,4610 1826,4610 1826,4611 1826,4615 1828,4616 1829,4616 1829,4617 1829,4619 1832,4622 1832,4633 1833,4633 1871,4633 1873,4635 1873,4640 1874,4641 1874,4645 1875,4646 1901,4646 1902,4647 1902,4649 1903,4650 1903,4666 1902,4667 1902,4668 1901,4669 1902,4671 1900,4673 1900,4674 1898,4676 1898,4677 1897,4678 1895,4678 1895,4678 1895,4679 1893,4681 1892,4681 1891,4682 1890,4682 1884,4688 1863,4688 1861,4690 1860,4690 1860,4690 1860,4691 1858,4693 1818,4693 1816,4695 1813,4695 1811,4697 1810,4697 1808,4699 1802,4699 1801,4700 1794,4700 1793,4699 1607,4701 1604,4704 1604,4705 1602,4707 1596,4707 1595,4708 1594,4708 1591,4705 1589,4705 1587,4702 1587,4700 1586,4699 1586,4698 1585,4698 1488,4698 1487,4697 1487,4687 1486,4686 1385,4687 1384,4686 1263,4687 1262,4688 1261,4688 1255,4694 1254,4694 1253,4695 1248,4695 1247,4696 1247,4699 1245,4701 1242,4701 1241,4699 1241,4686 1240,4686 1175,4686 1175,4686 1175,4685 1174,4684 1031,4685 1030,4686 1012,4686 1011,4687 911,4688 910,4689 861,4689 860,4690 856,4690 855,4689 719,4690 718,4691 688,4692 687,4693 639,4693 638,4694 638,4698 637,4699 637,4703 636,4704 636,4706 635,4707 635,4708 633,4710 633,4711 632,4712 632,4713 631,4714 630,4714 630,4714 630,4715 626,4719 622,4719 622,4720 622,4721 621,4721 538,4722 538,4722 538,4723 537,4724"/>
        <TextEquiv index="0">
          <Unicode>1567. iſt Jacobus III. deß Adelichen Ge⸗</Unicode>
        </TextEquiv>
        <TextEquiv index="1">
          <Unicode>1567. iſt Jacobus III. deß Adelichen Ge⸗</Unicode>
        </TextEquiv>
      </TextLine>
      <TextLine id="l20">
        <Coords points="1917,4823 1917,4792 1917,4792 1889,4792 1888,4792 1888,4793 1888,4794 1887,4794 1881,4800 1880,4800 1879,4800 1879,4801 1879,4802 1864,4802 1862,4803 1862,4804 1861,4805 1861,4806 1861,4807 1859,4807 1858,4808 1857,4808 1856,4807 1827,4807 1826,4808 1825,4808 1825,4807 1823,4804 1792,4804 1790,4806 1790,4818 1789,4819 1788,4819 1786,4817 1785,4817 1784,4816 1782,4816 1779,4814 1779,4806 1779,4805 1769,4806 1768,4805 1767,4805 1765,4803 1765,4802 1765,4802 1736,4802 1735,4803 1706,4803 1705,4804 1704,4804 1702,4806 1700,4806 1698,4808 1696,4808 1695,4809 1687,4809 1686,4810 1684,4810 1683,4809 1680,4809 1679,4808 1676,4808 1672,4804 1671,4804 1670,4803 1669,4803 1667,4801 1665,4801 1664,4800 1663,4800 1659,4797 1659,4795 1658,4794 1658,4793 1658,4792 1630,4792 1629,4793 1626,4793 1624,4795 1624,4797 1623,4798 1622,4798 1621,4799 1619,4800 1617,4802 1616,4802 1614,4800 1590,4800 1589,4799 1589,4798 1589,4798 1588,4798 1587,4797 1543,4797 1542,4798 1541,4798 1540,4799 1539,4799 1538,4800 1536,4800 1535,4800 1535,4799 1535,4798 1500,4798 1498,4800 1497,4800 1496,4801 1496,4804 1495,4805 1495,4810 1494,4811 1494,4812 1494,4812 1493,4812 1492,4813 1492,4814 1492,4814 1490,4814 1488,4816 1487,4816 1486,4817 1481,4817 1479,4816 1479,4815 1478,4813 1476,4813 1475,4813 1475,4810 1474,4809 1474,4799 1474,4798 1446,4799 1445,4798 1444,4798 1443,4797 1443,4796 1443,4796 1441,4796 1440,4795 1410,4795 1407,4798 1406,4798 1405,4799 1357,4799 1355,4797 1330,4797 1329,4796 1300,4797 1299,4797 1299,4798 1299,4799 1294,4799 1291,4801 1291,4802 1290,4804 1288,4804 1287,4805 1284,4805 1283,4806 1282,4806 1281,4807 1267,4807 1266,4808 1265,4808 1264,4807 1262,4807 1261,4806 1254,4806 1253,4805 1252,4805 1251,4804 1248,4804 1247,4803 1244,4803 1243,4802 1242,4802 1239,4799 1238,4799 1236,4798 1236,4797 1235,4795 1232,4795 1225,4789 1225,4786 1224,4785 1224,4784 1223,4783 1223,4782 1222,4781 1222,4779 1220,4777 1220,4771 1219,4770 1219,4769 1218,4768 1218,4767 1217,4766 1217,4760 1217,4759 1190,4759 1189,4760 1189,4787 1188,4788 1188,4789 1183,4794 1183,4795 1182,4796 1178,4796 1177,4797 1152,4798 1151,4799 1150,4799 1149,4800 1124,4800 1122,4801 1122,4817 1121,4819 1114,4819 1113,4818 1113,4814 1112,4813 1112,4803 1112,4803 1061,4803 1059,4805 1059,4806 1059,4806 1058,4806 1055,4804 1055,4802 1055,4801 1025,4801 1023,4803 1021,4803 1019,4801 1016,4801 1015,4800 987,4801 986,4802 985,4802 983,4803 983,4804 981,4807 980,4807 978,4805 978,4803 978,4803 934,4803 932,4805 931,4805 929,4807 928,4806 927,4806 926,4806 926,4805 925,4804 925,4802 924,4801 924,4800 922,4797 895,4797 894,4798 894,4811 893,4812 871,4812 870,4813 870,4821 870,4821 862,4821 861,4820 859,4820 858,4820 858,4819 857,4818 857,4808 857,4807 825,4808 824,4809 823,4809 821,4811 820,4810 790,4810 789,4811 788,4811 786,4813 780,4813 779,4814 778,4814 777,4813 773,4813 772,4812 770,4812 769,4811 766,4811 765,4810 759,4810 758,4809 757,4809 756,4808 755,4808 753,4806 751,4806 748,4803 747,4803 746,4803 746,4802 745,4801 745,4800 743,4798 743,4797 743,4796 742,4796 741,4795 715,4795 714,4796 714,4802 713,4803 713,4805 712,4806 712,4807 708,4811 708,4812 706,4814 704,4814 703,4814 703,4813 702,4812 702,4811 701,4810 676,4810 675,4809 643,4809 642,4809 642,4810 642,4811 637,4811 635,4809 634,4809 633,4808 632,4808 631,4807 601,4807 599,4809 598,4809 597,4810 596,4810 595,4811 593,4811 591,4809 590,4809 588,4808 588,4807 587,4805 585,4805 584,4804 580,4804 579,4804 579,4800 579,4799 549,4800 545,4803 545,4804 545,4805 543,4805 541,4807 539,4807 538,4807 538,4808 537,4810 535,4810 533,4811 533,4812 533,4813 532,4813 531,4814 529,4814 527,4812 527,4811 527,4811 480,4811 479,4811 479,4826 475,4831 472,4831 471,4832 465,4832 464,4831 463,4829 462,4828 462,4827 459,4824 459,4822 458,4821 458,4816 458,4815 448,4815 446,4813 420,4813 419,4812 418,4812 417,4812 417,4811 417,4810 389,4811 387,4813 361,4813 360,4814 341,4814 340,4814 340,4827 335,4833 334,4833 333,4832 331,4832 330,4831 328,4831 328,4830 328,4829 327,4829 324,4829 323,4828 320,4825 320,4824 319,4824 319,4818 319,4817 309,4817 308,4816 307,4816 304,4813 262,4813 261,4814 261,4815 260,4816 260,4827 259,4828 257,4828 255,4830 250,4830 249,4831 248,4831 246,4833 245,4832 243,4833 241,4830 240,4809 240,4809 234,4809 232,4807 232,4802 232,4802 229,4802 228,4801 228,4800 230,4799 236,4799 236,4798 236,4753 237,4752 237,4751 239,4749 239,4748 240,4747 240,4746 241,4745 241,4743 242,4742 242,4741 242,4741 245,4740 249,4736 251,4736 252,4736 252,4735 253,4733 259,4733 260,4732 265,4732 266,4733 267,4733 268,4734 269,4734 271,4736 275,4736 277,4738 277,4742 277,4742 305,4742 308,4739 309,4739 312,4736 314,4736 316,4734 318,4734 319,4733 320,4734 322,4734 323,4735 324,4735 325,4735 325,4736 325,4737 326,4737 328,4738 328,4752 329,4753 353,4753 353,4752 353,4746 354,4745 354,4744 355,4743 355,4742 356,4741 357,4741 358,4740 358,4739 358,4739 359,4739 360,4738 361,4738 362,4737 362,4736 363,4735 364,4735 365,4734 366,4734 367,4733 368,4733 369,4732 370,4732 372,4733 372,4734 373,4735 373,4753 374,4754 399,4753 400,4754 437,4754 437,4754 437,4743 438,4742 438,4740 438,4739 443,4739 445,4737 446,4737 450,4733 452,4733 453,4732 460,4732 461,4733 463,4733 464,4734 464,4735 465,4736 465,4737 466,4738 466,4753 467,4753 495,4753 497,4750 497,4749 498,4748 499,4748 501,4746 501,4745 501,4745 508,4745 509,4744 511,4745 511,4747 513,4749 513,4750 513,4751 542,4751 546,4754 548,4754 549,4755 549,4756 550,4756 578,4756 581,4753 582,4753 583,4751 584,4751 588,4754 610,4754 610,4755 610,4756 612,4757 642,4757 643,4756 644,4756 645,4755 646,4755 647,4754 676,4754 676,4753 676,4752 677,4751 678,4751 679,4750 680,4750 681,4751 732,4750 733,4750 733,4732 733,4731 744,4731 745,4731 745,4730 747,4727 749,4727 752,4724 753,4724 754,4723 780,4723 781,4722 782,4722 783,4721 794,4721 795,4722 802,4722 805,4725 833,4725 835,4726 835,4742 835,4743 858,4742 860,4741 860,4740 860,4739 862,4739 863,4740 863,4749 863,4749 872,4749 873,4750 874,4750 876,4751 877,4751 878,4753 878,4754 879,4754 907,4754 907,4754 907,4751 908,4750 908,4747 909,4746 909,4745 910,4744 910,4743 910,4742 911,4742 912,4742 912,4741 912,4740 926,4740 927,4739 934,4739 935,4738 935,4735 936,4734 936,4733 937,4732 937,4730 939,4728 942,4728 944,4729 944,4743 944,4744 958,4744 959,4745 1007,4745 1008,4744 1008,4742 1009,4741 1009,4735 1010,4734 1010,4733 1012,4730 1013,4730 1014,4729 1020,4729 1021,4730 1021,4735 1022,4736 1024,4736 1026,4738 1027,4738 1028,4739 1029,4739 1030,4740 1032,4740 1035,4743 1063,4743 1065,4745 1065,4746 1065,4746 1066,4746 1067,4746 1067,4731 1068,4730 1068,4728 1069,4726 1070,4726 1072,4728 1072,4729 1073,4730 1073,4746 1073,4746 1093,4746 1094,4745 1096,4745 1097,4744 1110,4744 1111,4743 1111,4739 1112,4738 1112,4737 1113,4736 1113,4735 1114,4734 1114,4731 1115,4730 1115,4729 1116,4728 1116,4727 1119,4724 1119,4723 1121,4721 1122,4721 1124,4719 1127,4719 1128,4718 1135,4718 1136,4718 1136,4720 1136,4721 1141,4721 1144,4723 1144,4724 1145,4725 1145,4744 1145,4745 1154,4745 1155,4744 1156,4744 1157,4743 1171,4742 1177,4736 1179,4736 1180,4737 1180,4738 1181,4739 1220,4739 1222,4738 1222,4737 1223,4736 1223,4735 1224,4734 1224,4733 1228,4728 1229,4728 1230,4728 1230,4726 1231,4724 1232,4724 1235,4721 1237,4721 1240,4718 1243,4718 1244,4717 1246,4717 1248,4715 1249,4715 1250,4714 1257,4714 1258,4713 1259,4713 1260,4712 1261,4712 1262,4711 1263,4711 1264,4712 1269,4712 1270,4713 1284,4713 1285,4714 1303,4714 1304,4714 1304,4715 1304,4716 1305,4716 1306,4717 1308,4717 1309,4717 1309,4742 1309,4743 1326,4742 1327,4742 1327,4740 1329,4738 1329,4737 1329,4736 1330,4736 1332,4735 1332,4734 1333,4732 1335,4732 1336,4731 1337,4731 1338,4730 1341,4730 1344,4733 1344,4741 1344,4741 1352,4741 1353,4741 1353,4720 1353,4719 1354,4720 1354,4741 1354,4741 1364,4741 1365,4740 1390,4740 1391,4739 1391,4732 1392,4731 1392,4728 1399,4721 1402,4723 1402,4725 1404,4727 1404,4728 1404,4729 1405,4729 1406,4730 1407,4730 1408,4731 1410,4731 1411,4732 1412,4732 1413,4733 1414,4733 1415,4733 1415,4734 1415,4735 1416,4735 1417,4736 1446,4736 1447,4735 1448,4735 1450,4733 1450,4732 1450,4732 1451,4732 1452,4731 1456,4731 1457,4730 1461,4734 1489,4733 1491,4735 1491,4736 1491,4736 1534,4736 1535,4736 1535,4735 1536,4733 1543,4733 1544,4734 1545,4734 1547,4736 1595,4736 1596,4737 1618,4737 1620,4738 1620,4739 1620,4739 1621,4740 1622,4740 1623,4741 1652,4741 1653,4741 1653,4737 1655,4735 1655,4734 1656,4732 1657,4732 1658,4732 1658,4731 1659,4730 1659,4729 1662,4725 1663,4725 1664,4724 1665,4724 1667,4722 1668,4722 1670,4720 1671,4720 1672,4719 1697,4719 1698,4718 1705,4718 1706,4719 1716,4719 1717,4719 1717,4739 1717,4740 1734,4740 1735,4739 1737,4740 1737,4742 1738,4744 1773,4743 1774,4742 1775,4742 1779,4738 1780,4738 1781,4737 1808,4737 1809,4737 1809,4735 1809,4734 1812,4734 1813,4734 1813,4733 1818,4727 1821,4727 1824,4724 1829,4724 1830,4725 1831,4725 1833,4727 1833,4745 1834,4746 1835,4746 1836,4747 1861,4747 1864,4749 1864,4748 1864,4734 1865,4733 1865,4732 1866,4731 1866,4730 1867,4729 1869,4730 1869,4731 1870,4732 1870,4733 1872,4735 1872,4756 1873,4757 1896,4757 1899,4760 1899,4789 1900,4790 1919,4790 1919,4790 1919,4821 1918,4822 1918,4823 1918,4824"/>
        <TextEquiv index="0">
          <Unicode>ſchlechts von Eltz / in dieſer Stadt zum Ertzbi⸗</Unicode>
        </TextEquiv>
        <TextEquiv index="1">
          <Unicode>ſchlechts von Eltz / in dieſer Stadt zum Ertzbi⸗</Unicode>
        </TextEquiv>
      </TextLine>
      <TextLine id="l21">
        <Coords points="1917,4944 1915,4942 1915,4936 1915,4936 431,4945 430,4944 407,4944 406,4943 247,4944 246,4943 245,4943 241,4940 241,4934 241,4934 232,4934 231,4933 232,4932 232,4930 233,4929 233,4925 234,4924 234,4842 235,4841 235,4840 235,4840 569,4837 570,4837 570,4836 570,4835 1033,4832 1034,4832 1034,4830 1034,4829 1410,4827 1411,4826 1588,4825 1589,4824 1590,4825 1599,4825 1600,4826 1918,4824 1919,4824 1919,4943 1919,4944"/>
        <TextEquiv index="0">
          <Unicode>ſchoff zu Trier erwehlet worden. Ein Meil</Unicode>
        </TextEquiv>
        <TextEquiv index="1">
          <Unicode>ſchoff zu Trier erwehlet worden. Ein Meil</Unicode>
        </TextEquiv>
      </TextLine>
      <TextLine id="l22">
        <Coords points="1917,5058 1916,5057 1916,5051 1915,5051 1865,5051 1864,5050 1863,5050 1862,5049 1856,5049 1854,5047 1852,5047 1851,5045 1851,5043 1850,5043 440,5052 440,5053 440,5057 439,5057 303,5058 303,5059 303,5065 303,5065 231,5066 229,5064 228,5064 227,5063 227,5028 226,5028 224,5028 224,5027 224,5025 225,5024 225,5020 226,5019 233,5019 234,5018 233,4944 234,4944 1221,4937 1223,4939 1225,4939 1226,4940 1464,4939 1464,4939 1464,4946 1465,4947 1919,4944 1919,4944 1919,4974 1918,4975 1919,5057 1919,5058"/>
        <TextEquiv index="0">
          <Unicode>Wegs von dieſem Ort entſpringet ein laulech⸗</Unicode>
        </TextEquiv>
        <TextEquiv index="1">
          <Unicode>Wegs von dieſem Ort entſpringet ein laulech⸗</Unicode>
        </TextEquiv>
      </TextLine>
      <TextLine id="l23">
        <Coords points="1915,5165 1915,5164 1915,5162 1914,5162 243,5173 243,5172 243,5151 242,5151 240,5151 240,5150 240,5143 239,5143 238,5143 237,5141 237,5140 236,5140 228,5140 228,5139 228,5135 228,5135 232,5135 232,5134 232,5066 233,5066 459,5064 460,5063 467,5063 468,5062 921,5059 922,5058 1287,5056 1287,5055 1288,5055 1293,5050 1294,5050 1295,5049 1298,5049 1299,5048 1302,5048 1303,5047 1307,5047 1308,5046 1363,5045 1364,5046 1364,5051 1364,5051 1573,5050 1575,5052 1576,5052 1582,5057 1582,5059 1583,5060 1919,5058 1919,5058 1919,5126 1918,5127 1919,5164 1918,5165"/>
        <TextEquiv index="0">
          <Unicode>tes geſundes Waſſer / in dem Thal / ſo getrun⸗</Unicode>
        </TextEquiv>
        <TextEquiv index="1">
          <Unicode>tes geſundes Waſſer / in dem Thal / ſo getrun⸗</Unicode>
        </TextEquiv>
      </TextLine>
      <TextLine id="l24">
        <Coords points="1918,5278 1917,5277 1917,5275 1916,5274 1916,5266 1915,5265 1915,5253 1915,5253 1878,5253 1877,5254 1857,5254 1856,5254 1856,5271 1856,5272 1853,5272 1851,5273 1851,5274 1850,5276 1847,5276 1846,5277 1844,5275 1835,5275 1832,5272 1831,5272 1830,5272 1830,5253 1830,5252 1780,5252 1779,5253 1779,5254 1778,5255 1778,5266 1778,5266 1777,5266 1776,5267 1771,5268 1770,5267 1768,5267 1767,5266 1766,5266 1765,5265 1765,5262 1765,5262 1749,5262 1748,5261 1748,5254 1748,5254 1729,5254 1727,5252 1727,5250 1727,5250 1724,5250 1723,5250 1723,5266 1723,5267 1722,5267 1721,5266 1721,5250 1721,5250 1704,5250 1703,5249 1702,5249 1701,5248 1658,5248 1657,5249 1657,5254 1654,5257 1654,5259 1652,5261 1652,5262 1651,5263 1650,5263 1648,5265 1648,5266 1648,5266 1647,5266 1645,5268 1642,5268 1641,5269 1640,5269 1639,5270 1630,5270 1629,5269 1625,5269 1622,5266 1618,5267 1617,5266 1617,5264 1616,5263 1616,5262 1615,5261 1615,5259 1614,5258 1614,5248 1614,5248 1585,5248 1582,5251 1581,5251 1580,5250 1579,5250 1578,5249 1578,5247 1576,5245 1576,5244 1576,5244 1550,5244 1548,5242 1509,5242 1507,5244 1507,5245 1507,5245 1506,5245 1505,5245 1505,5244 1504,5243 1504,5242 1504,5241 1501,5241 1500,5240 1473,5240 1471,5238 1470,5238 1468,5236 1467,5237 1465,5235 1426,5235 1424,5237 1423,5237 1422,5237 1422,5238 1421,5240 1419,5240 1417,5242 1415,5242 1414,5241 1367,5241 1366,5242 1342,5242 1341,5243 1341,5257 1340,5258 1340,5260 1339,5261 1339,5262 1338,5263 1331,5263 1330,5264 1329,5264 1327,5262 1326,5262 1325,5262 1325,5261 1323,5259 1323,5254 1323,5253 1322,5253 1321,5253 1321,5244 1321,5243 1309,5244 1307,5242 1264,5242 1263,5242 1263,5243 1263,5244 1243,5244 1242,5245 1208,5245 1206,5247 1201,5247 1200,5246 1154,5247 1153,5247 1153,5262 1152,5263 1152,5268 1150,5271 1147,5271 1145,5273 1144,5273 1143,5272 1142,5271 1142,5270 1142,5270 1140,5270 1139,5269 1138,5269 1137,5268 1136,5268 1135,5267 1135,5254 1135,5254 1125,5254 1123,5252 1075,5252 1074,5253 1074,5263 1073,5264 1073,5271 1073,5271 1071,5271 1070,5272 1068,5272 1066,5270 1065,5270 1063,5269 1063,5242 1063,5241 1023,5241 1021,5243 1021,5245 1020,5246 1018,5246 1017,5247 1016,5247 1009,5255 1005,5255 1003,5257 1001,5255 953,5255 952,5256 928,5256 927,5257 926,5257 925,5258 923,5258 922,5257 903,5257 902,5256 898,5256 896,5255 896,5254 895,5253 895,5252 894,5250 855,5251 854,5251 854,5268 853,5270 848,5270 847,5271 846,5271 845,5270 840,5270 839,5269 838,5269 836,5267 836,5266 835,5265 835,5257 835,5257 777,5257 774,5260 747,5260 746,5261 746,5263 746,5263 745,5262 743,5262 741,5261 741,5260 740,5259 740,5257 740,5256 701,5257 700,5257 700,5258 700,5259 699,5258 697,5258 696,5257 696,5256 696,5256 665,5256 659,5250 659,5249 659,5249 614,5249 610,5253 607,5253 605,5255 605,5256 605,5256 604,5256 603,5257 576,5257 575,5257 575,5256 572,5252 524,5253 523,5254 487,5254 485,5256 480,5256 476,5252 472,5252 468,5249 468,5246 467,5245 467,5220 467,5219 428,5219 427,5220 427,5222 426,5223 426,5225 424,5227 424,5229 423,5230 423,5231 422,5232 422,5233 420,5235 420,5236 418,5238 418,5240 417,5241 417,5245 416,5246 416,5247 415,5248 415,5249 414,5250 414,5253 413,5254 413,5255 412,5256 412,5259 411,5260 410,5260 408,5262 407,5262 406,5263 405,5263 403,5262 403,5260 403,5259 376,5260 373,5257 328,5257 327,5258 326,5258 325,5259 324,5259 322,5261 321,5261 320,5260 291,5260 259,5260 258,5261 254,5261 253,5260 251,5260 249,5258 248,5258 247,5257 246,5257 244,5256 242,5256 240,5254 239,5254 239,5284 239,5285 234,5285 233,5284 234,5284 236,5284 236,5283 236,5237 235,5236 236,5235 236,5220 237,5219 237,5213 238,5213 239,5213 239,5212 239,5175 239,5175 240,5175 241,5175 241,5206 241,5207 242,5206 242,5173 242,5173 245,5172 246,5173 246,5205 246,5205 250,5205 251,5204 252,5204 256,5200 258,5200 260,5198 269,5198 270,5198 270,5182 271,5181 271,5180 272,5178 279,5178 280,5177 285,5177 286,5176 291,5176 292,5177 293,5177 294,5178 295,5178 296,5179 305,5179 306,5180 306,5182 307,5183 307,5188 308,5189 308,5198 308,5198 373,5198 374,5197 377,5197 379,5198 379,5199 380,5200 380,5201 381,5203 382,5203 384,5205 423,5204 424,5204 424,5203 426,5201 426,5199 428,5197 428,5196 429,5195 429,5194 431,5192 431,5190 432,5189 432,5188 433,5186 469,5186 474,5181 475,5181 476,5180 477,5180 478,5181 479,5181 480,5181 480,5185 482,5187 482,5188 482,5189 485,5189 488,5192 491,5192 493,5194 499,5194 500,5193 500,5174 501,5173 502,5173 502,5193 502,5194 536,5194 537,5194 537,5195 537,5196 600,5195 601,5195 601,5194 601,5193 602,5193 603,5194 604,5194 605,5195 605,5197 605,5197 644,5197 645,5196 645,5191 647,5189 647,5187 648,5186 648,5183 651,5180 651,5179 652,5178 653,5178 654,5177 654,5176 654,5176 655,5176 656,5175 657,5175 658,5174 658,5173 658,5173 659,5173 661,5171 664,5171 665,5170 686,5170 687,5169 689,5169 690,5168 693,5168 694,5167 695,5167 696,5166 704,5165 705,5166 708,5166 709,5167 710,5167 711,5168 712,5168 713,5169 714,5169 718,5173 718,5174 719,5175 743,5175 744,5176 745,5176 746,5177 748,5177 753,5182 793,5182 794,5181 803,5181 804,5180 807,5180 809,5178 809,5177 809,5177 812,5177 813,5177 813,5178 814,5179 814,5189 814,5190 840,5190 842,5191 842,5198 842,5199 855,5199 857,5200 896,5200 898,5198 899,5198 900,5197 901,5197 902,5198 948,5198 949,5197 952,5197 953,5196 989,5196 990,5195 990,5188 991,5187 991,5186 992,5185 992,5184 992,5184 993,5184 996,5181 997,5181 1000,5178 1001,5178 1003,5179 1003,5185 1004,5187 1005,5187 1007,5189 1008,5189 1009,5189 1010,5189 1011,5190 1011,5192 1011,5192 1013,5192 1014,5193 1014,5194 1014,5194 1017,5194 1018,5195 1022,5195 1023,5196 1056,5196 1057,5196 1057,5170 1057,5169 1058,5169 1059,5170 1059,5196 1059,5196 1062,5196 1063,5196 1063,5192 1064,5191 1064,5187 1066,5185 1066,5183 1067,5182 1067,5180 1071,5175 1072,5175 1073,5174 1075,5174 1076,5173 1081,5173 1082,5172 1086,5172 1087,5173 1088,5173 1089,5174 1131,5174 1132,5173 1138,5173 1143,5177 1143,5190 1143,5191 1177,5190 1178,5191 1196,5191 1197,5192 1244,5192 1248,5188 1248,5186 1248,5186 1287,5186 1288,5185 1290,5185 1291,5184 1303,5184 1304,5183 1304,5173 1305,5172 1307,5172 1308,5171 1308,5168 1308,5168 1309,5168 1311,5166 1315,5165 1316,5166 1325,5166 1327,5168 1327,5186 1327,5186 1329,5186 1330,5187 1370,5187 1372,5186 1372,5185 1373,5183 1453,5183 1454,5182 1454,5181 1455,5180 1455,5176 1456,5175 1456,5172 1457,5171 1457,5170 1457,5170 1458,5170 1459,5169 1459,5167 1462,5164 1463,5164 1466,5161 1467,5161 1468,5159 1470,5159 1472,5157 1493,5157 1496,5154 1502,5154 1503,5153 1514,5153 1515,5154 1520,5154 1521,5155 1521,5156 1521,5156 1523,5156 1525,5158 1525,5161 1526,5162 1552,5162 1553,5163 1555,5163 1556,5164 1561,5164 1562,5165 1577,5165 1578,5165 1578,5191 1578,5192 1592,5192 1593,5193 1597,5193 1598,5194 1637,5193 1640,5190 1643,5190 1644,5191 1644,5193 1644,5193 1704,5193 1706,5191 1710,5191 1711,5191 1711,5192 1711,5193 1766,5193 1767,5192 1767,5190 1768,5189 1768,5187 1769,5186 1769,5185 1770,5184 1770,5180 1772,5178 1773,5177 1774,5177 1774,5176 1774,5175 1776,5175 1777,5175 1777,5174 1777,5173 1779,5173 1781,5171 1782,5171 1783,5170 1784,5170 1785,5169 1786,5169 1787,5170 1792,5170 1793,5171 1795,5171 1799,5175 1799,5176 1799,5176 1838,5176 1839,5175 1847,5175 1848,5176 1849,5176 1853,5179 1853,5187 1853,5188 1873,5188 1874,5187 1874,5170 1875,5169 1876,5169 1876,5187 1876,5188 1886,5188 1887,5187 1887,5186 1887,5186 1914,5186 1915,5185 1915,5165 1915,5165 1918,5165 1919,5165 1919,5277 1919,5278"/>
        <TextEquiv index="0">
          <Unicode>cken / dem Miltz und ſchwachen Magen ſehr</Unicode>
        </TextEquiv>
        <TextEquiv index="1">
          <Unicode>cken / dem Miltz und ſchwachen Magen ſehr</Unicode>
        </TextEquiv>
      </TextLine>
      <TextLine id="l25">
        <Coords points="1915,5389 1914,5388 1914,5364 1914,5364 1852,5364 1851,5363 1760,5364 1759,5364 1759,5374 1759,5375 1757,5375 1756,5376 1755,5375 1751,5375 1749,5373 1749,5372 1748,5371 1748,5369 1747,5368 1747,5363 1747,5363 1738,5363 1737,5362 1737,5361 1737,5361 1704,5361 1703,5360 1616,5361 1614,5362 1614,5382 1614,5383 1613,5382 1613,5359 1611,5358 1532,5358 1531,5360 1531,5363 1530,5364 1530,5365 1528,5367 1528,5368 1527,5369 1525,5369 1522,5372 1519,5372 1517,5374 1505,5374 1504,5373 1502,5373 1501,5372 1498,5372 1497,5371 1496,5371 1494,5370 1494,5369 1492,5367 1492,5364 1491,5363 1491,5356 1490,5355 1426,5356 1425,5355 1355,5355 1354,5356 1211,5357 1211,5358 1211,5359 1209,5361 1208,5361 1207,5362 1207,5363 1206,5364 1176,5364 1175,5365 1174,5364 1079,5365 1078,5366 1077,5366 1076,5367 1075,5367 1072,5370 1002,5371 1001,5370 1001,5369 1001,5369 970,5369 969,5368 903,5368 901,5367 901,5365 901,5364 829,5365 828,5365 828,5370 828,5371 827,5370 827,5366 827,5366 783,5366 782,5367 780,5367 779,5368 744,5368 741,5371 741,5372 741,5372 738,5372 736,5371 736,5368 736,5367 722,5367 721,5366 669,5367 668,5366 587,5366 586,5367 585,5367 584,5368 583,5368 581,5366 478,5367 477,5367 477,5368 477,5369 476,5369 475,5370 471,5370 469,5368 388,5369 387,5369 387,5384 386,5386 384,5386 382,5387 382,5388 382,5389 371,5389 370,5390 365,5390 364,5389 363,5389 362,5388 361,5388 360,5387 360,5372 360,5372 284,5372 283,5373 254,5373 253,5374 250,5374 249,5375 239,5376 238,5375 238,5371 238,5371 237,5371 234,5368 234,5353 233,5353 232,5353 232,5352 232,5352 233,5352 234,5351 234,5294 233,5294 232,5295 232,5294 232,5293 231,5293 230,5293 229,5291 229,5288 229,5288 231,5288 233,5286 234,5287 235,5287 237,5288 237,5314 237,5315 238,5314 239,5314 240,5313 243,5313 245,5311 246,5310 247,5309 248,5310 254,5310 255,5311 256,5311 257,5312 274,5312 275,5313 355,5313 356,5312 356,5303 357,5302 357,5299 359,5297 360,5297 361,5296 362,5296 366,5292 366,5291 366,5291 370,5291 371,5290 373,5290 374,5291 464,5290 465,5289 466,5289 467,5288 469,5288 470,5288 469,5283 471,5281 471,5282 471,5285 472,5285 550,5285 551,5284 559,5283 564,5288 564,5291 565,5292 565,5301 566,5302 566,5305 566,5305 621,5305 622,5306 650,5306 651,5307 699,5307 700,5308 776,5307 777,5307 777,5306 778,5304 780,5304 782,5302 788,5302 790,5303 790,5304 791,5305 791,5314 792,5316 856,5316 857,5315 856,5284 857,5283 858,5283 858,5284 859,5315 859,5315 894,5315 896,5314 896,5311 898,5309 898,5308 898,5307 900,5307 902,5305 909,5305 911,5307 977,5307 978,5306 978,5297 979,5296 979,5294 979,5294 980,5294 981,5293 982,5293 983,5292 985,5294 999,5294 1000,5294 1000,5295 1001,5296 1001,5298 1002,5300 1004,5300 1008,5304 1011,5303 1012,5304 1012,5305 1012,5305 1025,5305 1026,5305 1026,5290 1026,5289 1027,5289 1028,5290 1028,5305 1028,5305 1124,5305 1125,5304 1125,5297 1126,5296 1126,5294 1128,5292 1128,5291 1128,5291 1131,5291 1132,5290 1133,5290 1135,5288 1183,5287 1184,5287 1183,5284 1185,5282 1186,5282 1187,5283 1190,5283 1190,5284 1191,5287 1192,5288 1192,5300 1192,5300 1216,5300 1217,5299 1262,5299 1263,5298 1263,5296 1263,5296 1290,5296 1291,5295 1291,5286 1292,5285 1291,5284 1293,5283 1295,5283 1296,5281 1296,5280 1298,5279 1299,5279 1300,5278 1301,5278 1303,5276 1304,5276 1305,5277 1306,5277 1306,5277 1306,5282 1307,5283 1309,5283 1309,5283 1310,5287 1310,5288 1334,5287 1336,5289 1336,5290 1337,5291 1337,5293 1337,5293 1409,5293 1410,5292 1435,5292 1436,5291 1435,5279 1437,5277 1437,5276 1439,5275 1441,5275 1443,5277 1444,5291 1444,5292 1519,5291 1520,5290 1522,5292 1523,5292 1525,5294 1525,5295 1525,5295 1526,5295 1529,5298 1589,5298 1590,5299 1591,5299 1592,5300 1656,5299 1657,5300 1746,5300 1751,5295 1752,5295 1753,5294 1820,5293 1823,5290 1824,5290 1825,5289 1827,5289 1828,5288 1829,5288 1830,5287 1831,5287 1832,5286 1833,5286 1835,5288 1835,5299 1835,5299 1915,5299 1916,5298 1915,5280 1916,5279 1916,5278 1917,5278 1919,5278 1919,5278 1919,5279 1918,5280 1919,5388 1919,5389"/>
        <TextEquiv index="0">
          <Unicode>wohl bekommt; wider die alte eingewurtzelte</Unicode>
        </TextEquiv>
        <TextEquiv index="1">
          <Unicode>wohl bekommt; wider die alte eingewurtzelte</Unicode>
        </TextEquiv>
      </TextLine>
      <TextLine id="l26">
        <Coords points="537,5527 537,5509 536,5509 517,5509 516,5508 263,5509 262,5508 261,5508 260,5507 257,5507 257,5507 257,5504 256,5503 253,5503 252,5502 252,5501 251,5500 248,5500 247,5499 246,5499 246,5499 246,5497 245,5497 225,5497 224,5495 224,5493 223,5492 223,5492 224,5492 227,5489 227,5473 227,5473 233,5473 234,5472 233,5423 234,5423 235,5423 236,5421 236,5416 237,5416 239,5416 239,5415 239,5413 240,5413 241,5413 242,5411 242,5410 243,5410 244,5410 248,5405 248,5395 250,5393 250,5394 250,5397 251,5397 1499,5389 1500,5390 1672,5389 1673,5390 1919,5389 1919,5389 1919,5432 1918,5433 1919,5498 1918,5499 1798,5499 1796,5501 1606,5503 1606,5503 1606,5511 1605,5512 1605,5511 1605,5506 1604,5506 538,5513 538,5513 538,5527 538,5528"/>
        <TextEquiv index="0">
          <Unicode>Fieber iſt; auch darinnen gebadet / dergleichen</Unicode>
        </TextEquiv>
        <TextEquiv index="1">
          <Unicode>Fieber iſt; auch darinnen gebadet / dergleichen</Unicode>
        </TextEquiv>
      </TextLine>
      <TextEquiv>
        <Unicode/>
      </TextEquiv>
    </TextRegion>
    <TextRegion id="r3" orientation="0.0" type="paragraph">
      <Coords points="832,2710 832,2519 1326,2519 1326,2710"/>
      <TextLine id="l27">
        <Coords points="847,2538 1318,2538 1318,2698 847,2698"/>
        <TextEquiv index="0">
          <Unicode>Witlich.</Unicode>
        </TextEquiv>
        <TextEquiv index="1">
          <Unicode>Witlich.</Unicode>
        </TextEquiv>
      </TextLine>
      <TextEquiv>
        <Unicode/>
      </TextEquiv>
    </TextRegion>
    <TextRegion id="r4" orientation="-0.75" type="paragraph">
      <Coords points="1945,2233 1973,1064 1973,434 2586,434 2672,432 2692,447 2818,434 3715,434 3715,2239"/>
      <TextLine id="l28">
        <Coords points="3715,576 3714,575 3715,538 3713,536 3630,535 3630,536 3630,538 3629,538 3628,538 3627,539 3625,539 3624,540 3623,540 3620,543 3617,543 3616,544 3602,544 3601,545 3600,545 3598,546 3598,547 3597,549 3595,549 3594,550 3511,549 3509,551 3507,551 3506,550 3473,549 3472,548 3471,548 3470,547 3402,546 3400,545 3400,544 3400,543 3249,541 3248,542 3215,542 3213,544 3212,544 3211,543 3160,542 3104,542 3103,543 3084,542 3083,543 3083,544 3082,545 3082,553 3081,554 3081,559 3078,562 3076,562 3075,561 3072,561 3070,560 3070,557 3069,556 3069,551 3069,550 3002,549 3001,549 3001,548 2999,546 2999,540 2999,539 2911,538 2910,539 2877,539 2876,540 2858,539 2857,540 2857,548 2856,549 2855,549 2854,550 2853,550 2852,551 2852,553 2850,555 2850,556 2849,557 2768,556 2767,557 2766,557 2766,553 2765,552 2765,542 2765,541 2673,540 2672,539 2669,539 2668,538 2665,538 2662,535 2572,534 2571,535 2569,535 2568,536 2533,535 2532,536 2532,537 2532,537 2531,537 2530,536 2405,534 2404,535 2403,535 2402,536 2350,536 2349,536 2349,550 2348,551 2348,552 2347,554 2344,554 2343,555 2338,554 2337,555 2331,555 2330,554 2323,554 2321,553 2321,551 2320,550 2320,541 2320,540 2266,540 2264,538 2264,530 2264,530 2232,529 2231,528 2230,528 2229,527 2197,527 2196,526 2096,524 2095,525 2074,525 2073,526 2072,526 2071,525 1978,524 1978,524 1977,547 1977,548 1944,547 1943,547 1944,451 1945,450 1945,451 1945,461 1945,461 1974,462 1974,461 1975,447 1975,447 1976,447 1975,461 1976,462 2077,463 2077,463 2077,454 2078,453 2079,450 2080,449 2080,448 2080,447 2153,448 2154,448 2154,446 2155,444 2165,444 2167,442 2172,442 2173,443 2173,446 2173,446 2181,446 2182,447 2182,450 2182,450 2184,450 2185,451 2187,452 2188,452 2187,454 2188,455 2188,461 2189,462 2277,463 2277,462 2278,452 2278,452 2338,452 2339,452 2342,452 2343,453 2344,453 2345,454 2345,456 2346,457 2432,458 2433,456 2433,455 2434,455 2435,455 2437,453 2437,452 2437,452 2438,452 2439,453 2440,453 2441,454 2441,459 2442,460 2524,461 2524,460 2524,459 2525,459 2578,460 2578,459 2578,458 2581,456 2646,457 2647,456 2648,456 2649,455 2649,454 2650,453 2652,453 2653,452 2653,451 2655,449 2656,449 2657,448 2657,447 2658,446 2666,446 2667,445 2673,445 2674,444 2674,433 2674,433 2675,433 2675,445 2675,446 2676,446 2678,447 2678,450 2678,451 2687,451 2688,452 2786,453 2787,452 2788,452 2789,453 2791,453 2793,455 2794,455 2796,457 2837,458 2837,459 2837,460 2838,460 2840,460 2841,462 2841,463 2842,463 2845,463 2845,464 2845,471 2846,471 2883,472 2883,472 2883,476 2884,477 2974,478 2975,477 2976,477 2976,476 2976,475 2978,474 3031,475 3032,473 3032,472 3033,471 3033,470 3034,469 3034,468 3035,467 3035,463 3037,462 3089,462 3092,459 3093,459 3094,458 3095,458 3096,457 3101,457 3102,456 3104,457 3105,458 3106,458 3108,460 3108,461 3110,463 3111,463 3113,465 3118,465 3119,466 3119,478 3120,479 3145,479 3146,480 3219,481 3219,481 3219,473 3221,471 3221,469 3223,467 3224,467 3225,468 3237,468 3238,469 3239,469 3241,471 3242,471 3245,475 3245,476 3247,477 3248,477 3249,478 3250,478 3251,479 3253,479 3254,480 3258,481 3260,483 3261,483 3262,484 3308,484 3308,484 3309,434 3309,433 3310,433 3311,434 3310,484 3311,484 3354,485 3354,484 3354,479 3355,478 3355,475 3356,474 3356,473 3359,471 3360,471 3363,468 3385,468 3385,468 3386,448 3386,447 3388,449 3387,468 3388,468 3412,469 3412,468 3412,467 3414,466 3435,466 3435,465 3436,444 3436,444 3438,444 3439,444 3438,465 3439,466 3452,466 3452,466 3453,436 3453,435 3456,435 3457,434 3458,434 3460,436 3459,466 3460,466 3474,466 3474,466 3474,465 3476,463 3477,463 3478,462 3479,462 3480,461 3481,461 3482,460 3483,460 3484,459 3504,460 3505,461 3507,461 3510,464 3511,464 3512,465 3581,466 3581,465 3582,448 3582,448 3590,448 3591,447 3591,440 3591,440 3592,440 3592,447 3592,448 3621,448 3623,450 3623,451 3624,452 3623,494 3624,494 3713,495 3713,495 3714,447 3714,447 3737,447 3738,447 3736,574 3736,575 3717,575 3716,576"/>
        <TextEquiv index="0">
          <Unicode>wircket; heilet die Geſchwer / iſt wider die Krä⸗</Unicode>
        </TextEquiv>
        <TextEquiv index="1">
          <Unicode>wircket; heilet die Geſchwer / iſt wider die Krä⸗</Unicode>
        </TextEquiv>
      </TextLine>
      <TextLine id="l29">
        <Coords points="3714,689 3714,688 3714,661 3713,661 3483,658 3482,659 3482,662 3480,663 3476,663 3475,664 3471,664 3470,663 3470,662 3469,661 3469,658 3468,657 3311,655 3310,657 3310,658 3306,661 3295,661 3295,662 3295,669 3293,670 3292,670 3290,668 3289,668 3285,663 3285,652 3284,652 3131,650 3130,651 3094,650 3093,651 3092,651 3091,652 3015,651 3015,652 3015,658 3014,659 3014,667 3012,668 3011,668 3010,669 2981,669 2981,669 2981,670 2979,672 2978,672 2977,671 2976,671 2973,667 2973,653 2972,653 2888,652 2886,650 2607,646 2607,647 2607,652 2606,652 2535,651 2535,652 2535,666 2534,666 2513,666 2513,666 2513,668 2512,669 2477,668 2476,667 2476,657 2475,656 2281,654 2275,660 2271,660 2270,659 2269,659 2268,658 2265,658 2264,657 2131,655 2130,653 2130,652 2129,652 1981,650 1981,650 1981,654 1980,655 1980,659 1979,660 1942,659 1942,659 1943,548 1944,547 1977,548 1977,548 1977,557 1978,558 1978,566 1978,567 2134,569 2135,568 2135,567 2139,564 2140,564 2140,563 2140,562 2144,558 2144,557 2145,557 2146,557 2150,553 2151,553 2153,551 2157,551 2158,550 2159,550 2163,554 2165,554 2166,555 2178,555 2180,558 2180,560 2181,560 2264,562 2265,563 2268,563 2270,565 2270,566 2271,567 2271,575 2271,576 2423,578 2424,577 2424,560 2425,560 2426,561 2426,577 2426,578 2439,578 2441,576 2441,575 2443,573 2490,573 2491,573 2491,572 2493,570 2493,569 2494,568 2494,567 2496,566 2586,567 2587,566 2593,566 2595,564 2596,564 2597,563 2599,563 2600,562 2605,562 2607,565 2607,566 2608,566 2618,566 2621,570 2621,585 2621,585 2820,588 2821,587 2821,580 2822,579 2822,576 2824,574 2878,575 2881,572 2882,572 2886,569 2887,569 2888,568 2890,568 2891,567 2994,568 2995,567 3000,567 3001,566 3025,566 3027,565 3029,565 3030,566 3031,566 3033,568 3035,568 3035,568 3035,569 3036,570 3036,573 3036,574 3277,577 3279,575 3282,575 3284,574 3286,574 3288,572 3294,572 3295,571 3296,573 3296,583 3296,583 3309,583 3310,584 3314,584 3315,585 3316,585 3320,589 3449,591 3452,594 3452,595 3452,595 3600,597 3601,597 3601,589 3602,588 3602,587 3603,585 3713,587 3714,586 3714,576 3715,576 3716,576 3717,575 3736,575 3736,575 3735,688 3734,689"/>
        <TextEquiv index="0">
          <Unicode>tze / flechten / jucken und beiſſen der Haut; wie</Unicode>
        </TextEquiv>
        <TextEquiv index="1">
          <Unicode>tze / flechten / jucken und beiſſen der Haut; wie</Unicode>
        </TextEquiv>
      </TextLine>
      <TextLine id="l30">
        <Coords points="3715,794 3714,793 3714,771 3714,771 3511,768 3510,768 3510,784 3505,790 3502,790 3500,788 3426,787 3425,786 3421,786 3420,785 3420,781 3419,780 3419,769 3419,769 3101,765 3099,766 3098,766 3095,769 3094,769 3092,771 3088,771 3087,772 3087,773 3086,774 3085,774 3084,775 3082,775 3081,776 3076,776 3075,776 3075,766 3075,765 2981,764 2980,763 2864,761 2863,760 2698,758 2697,759 2695,759 2694,760 2693,760 2692,761 2559,759 2558,760 2555,760 2554,759 2553,759 2550,756 2512,756 2510,754 2327,751 2326,750 2308,750 2307,749 2306,749 2304,747 2188,746 2186,744 2183,743 2182,742 1983,740 1983,740 1982,766 1981,768 1943,767 1942,768 1941,768 1940,768 1942,660 1942,659 1978,660 1979,660 1979,662 1980,663 1980,666 1980,667 2151,669 2152,669 2152,665 2153,664 2153,663 2154,661 2162,661 2163,662 2164,662 2166,664 2166,680 2167,681 2166,694 2167,694 2264,696 2265,697 2265,698 2266,699 2457,701 2458,700 2497,701 2497,700 2497,699 2499,698 2500,698 2501,697 2636,698 2636,698 2636,697 2637,696 2637,692 2638,691 2638,689 2639,688 2639,686 2642,684 2642,683 2643,682 2643,681 2643,681 2645,681 2646,680 2648,680 2649,679 2649,678 2649,678 2650,678 2652,676 2761,677 2762,676 2763,676 2764,675 2765,675 2766,676 2767,676 2768,677 2770,677 2771,678 2771,679 2772,680 2772,683 2772,683 2790,683 2791,684 2792,684 2793,685 2792,689 2793,689 2794,689 2795,690 2797,691 2797,691 2797,692 2799,694 2800,694 2802,696 2805,696 2806,697 2853,697 2854,698 3027,701 3027,701 3027,703 3028,704 3207,706 3207,705 3207,702 3208,701 3208,700 3209,699 3209,698 3210,697 3210,694 3214,691 3215,691 3220,686 3221,686 3222,685 3238,685 3239,684 3240,684 3241,685 3247,685 3248,686 3433,689 3435,687 3438,687 3439,686 3446,686 3449,689 3450,689 3452,691 3713,695 3713,694 3714,689 3714,689 3734,689 3735,689 3733,793 3733,794"/>
        <TextEquiv index="0">
          <Unicode>Andernacus von Bädern am 91. Blat ſchrei⸗</Unicode>
        </TextEquiv>
        <TextEquiv index="1">
          <Unicode>Andernacus von Bädern am 91. Blat ſchrei⸗</Unicode>
        </TextEquiv>
      </TextLine>
      <TextLine id="l31">
        <Coords points="3714,911 3714,910 3714,885 3713,885 3476,881 3476,882 3476,883 3474,885 3474,903 3473,903 3469,903 3468,904 3465,904 3464,903 3463,903 3463,903 3463,887 3462,886 3345,885 3344,884 3343,884 3343,883 3343,881 3342,881 3293,880 3293,879 3107,877 3106,877 3106,884 3105,885 3105,893 3102,896 3100,896 3099,897 3099,898 3098,898 3097,897 3097,896 3095,894 3095,879 3094,878 3073,878 3072,878 3072,877 3072,876 2809,873 2808,872 2808,871 2808,871 2692,869 2676,869 2675,869 2675,870 2675,871 2559,869 2556,872 2556,873 2555,874 2553,875 2552,875 2551,877 2551,878 2550,879 2550,880 2546,883 2522,883 2522,883 2522,885 2520,887 2514,887 2512,884 2512,867 2512,867 2358,865 2357,866 2332,865 2331,866 2287,866 2286,867 2285,867 2284,868 2283,868 2282,867 2229,866 2228,866 2228,864 2228,863 2204,863 2203,862 2201,862 2200,861 1981,858 1980,858 1980,865 1979,866 1979,872 1978,873 1939,872 1939,872 1940,769 1941,768 1942,768 1943,767 1981,768 1981,768 1981,773 1982,774 1982,776 1983,777 2019,777 2019,778 2019,779 2020,780 2020,781 2021,782 2021,792 2022,792 2176,794 2176,794 2176,790 2178,788 2178,787 2179,786 2180,786 2183,783 2183,782 2184,781 2184,780 2185,780 2186,780 2187,779 2188,779 2190,777 2204,777 2205,778 2213,778 2216,781 2236,781 2237,782 2243,782 2244,783 2245,783 2245,784 2245,805 2245,805 2261,806 2262,807 2309,807 2310,808 2457,810 2458,809 2459,809 2460,808 2462,808 2463,808 2463,806 2463,805 2464,805 2466,803 2467,803 2468,802 2472,802 2474,804 2474,815 2474,815 2641,817 2642,817 2642,815 2642,815 2643,815 2646,812 2649,812 2650,811 2650,810 2650,810 2673,810 2674,809 2675,809 2676,808 2730,809 2731,808 2731,794 2735,791 2738,794 2738,795 2739,796 2739,808 2739,809 2752,809 2753,808 2755,808 2757,806 2758,806 2759,805 2785,805 2786,804 2787,804 2788,803 2789,804 2791,804 2793,806 2793,807 2794,808 2794,810 2794,810 2916,812 2917,812 2917,802 2918,801 2918,800 2919,799 2919,798 2921,796 2922,796 2923,795 3026,797 3028,794 3028,793 3030,792 3032,792 3033,791 3035,791 3036,792 3054,792 3055,793 3056,793 3057,794 3088,794 3088,795 3088,797 3089,797 3220,799 3221,798 3224,798 3225,800 3225,816 3225,816 3369,818 3370,818 3370,817 3371,816 3371,814 3373,812 3373,811 3374,810 3374,809 3375,807 3449,808 3450,808 3450,807 3451,805 3481,805 3484,804 3486,804 3487,803 3489,803 3490,802 3491,802 3492,803 3714,806 3714,805 3714,794 3715,794 3733,794 3733,794 3732,910 3731,911"/>
        <TextEquiv index="0">
          <Unicode>bet. Anno 1647. mitten im Aprilen / iſt die</Unicode>
        </TextEquiv>
        <TextEquiv index="1">
          <Unicode>bet. Anno 1647. mitten im Aprilen / iſt die</Unicode>
        </TextEquiv>
      </TextLine>
      <TextLine id="l32">
        <Coords points="2411,1003 2410,1002 2356,1002 2355,1001 2356,980 2355,980 2300,979 2299,978 2299,977 2298,976 2212,975 2211,974 2138,973 2137,972 2022,970 2022,971 2022,979 2021,980 2021,982 2018,984 2017,984 2017,985 2017,986 2016,986 2015,986 2014,987 2014,988 2013,989 1976,989 1975,989 1975,995 1975,996 1938,995 1937,995 1939,873 1939,872 1978,873 1979,873 1979,882 1979,883 2049,884 2050,885 2052,885 2056,888 2056,889 2056,890 2147,891 2149,893 2148,912 2149,912 2245,913 2245,914 2245,915 2246,915 2280,916 2281,917 2357,918 2357,917 2358,904 2359,903 2359,901 2360,900 2362,900 2363,899 2363,898 2365,896 2366,896 2367,895 2371,895 2372,894 2376,894 2379,897 2379,898 2379,898 2413,899 2415,901 2457,901 2460,904 2459,920 2460,920 2528,921 2528,922 2528,923 2529,923 2638,924 2638,924 2638,920 2639,919 2639,918 2640,917 2640,915 2643,913 2643,911 2645,909 2645,908 2645,908 2646,908 2650,904 2651,904 2653,902 2653,901 2654,900 2657,900 2658,899 2684,899 2685,898 2692,898 2693,897 2697,897 2698,896 2733,897 2734,896 2736,896 2737,897 2738,897 2739,898 2741,898 2742,899 2743,899 2744,900 2747,900 2749,902 2750,902 2751,903 2915,905 2916,904 2921,904 2922,905 2923,905 2925,907 2925,909 2926,910 2925,926 2926,926 2927,926 2928,927 3105,930 3106,929 3108,929 3109,928 3110,928 3111,929 3246,930 3247,929 3247,928 3248,927 3249,927 3250,928 3297,929 3298,930 3299,930 3299,931 3299,932 3300,932 3301,932 3302,933 3413,935 3414,933 3414,930 3415,929 3415,928 3417,926 3417,925 3418,924 3418,923 3421,921 3490,922 3491,923 3491,924 3493,926 3495,926 3496,927 3497,927 3500,930 3504,930 3505,931 3582,932 3583,933 3598,933 3600,936 3600,937 3602,938 3713,940 3713,939 3714,911 3714,911 3731,911 3732,911 3730,1018 3730,1019 3718,1019 3717,1020 3715,1020 3714,1019 3714,1018 3714,1018 3653,1017 3652,1016 3653,989 3652,989 3608,988 3607,990 3607,991 3606,991 3561,991 3560,992 3555,991 3554,992 3495,992 3495,992 3495,994 3494,995 3423,994 3423,994 3422,1001 3422,1002 3420,1002 3418,1000 3419,994 3418,994 3396,993 3392,997 3390,997 3389,997 3389,996 3389,995 3263,994 3261,995 3261,999 3257,1004 3256,1004 3255,1005 3254,1005 3253,1005 3253,1006 3251,1008 3250,1008 3249,1009 3239,1009 3238,1010 3237,1010 3236,1009 3233,1009 3232,1008 3230,1008 3228,1006 3226,1006 3225,1005 3154,1004 3119,1004 3118,1005 3117,1005 3116,1006 3115,1006 3114,1007 3110,1007 3109,1008 3100,1008 3099,1008 3094,1008 3093,1007 3090,1007 3089,1006 3088,1006 3085,1004 3085,1003 3084,1002 3084,1001 3083,1000 3084,990 3083,989 3066,989 3065,988 2940,986 2940,987 2939,998 2939,998 2938,998 2937,999 2937,1001 2937,1001 2935,1001 2933,1003 2932,1003 2931,1004 2929,1004 2928,1003 2921,1003 2919,1002 2919,1001 2918,1000 2919,992 2918,991 2918,988 2917,987 2854,986 2853,985 2736,984 2733,987 2731,987 2730,988 2729,988 2728,989 2727,989 2726,990 2725,990 2724,989 2722,989 2721,988 2579,986 2578,987 2535,986 2535,987 2535,989 2530,993 2530,997 2529,998 2525,998 2524,999 2428,998 2427,998 2427,999 2427,1000 2426,1000 2425,1001 2424,1001 2423,1002 2421,1002 2419,1004"/>
        <TextEquiv index="0">
          <Unicode>Pulvermühl zu Witlich angangen / dar⸗</Unicode>
        </TextEquiv>
        <TextEquiv index="1">
          <Unicode>Pulvermühl zu Witlich angangen / dar⸗</Unicode>
        </TextEquiv>
      </TextLine>
      <TextLine id="l33">
        <Coords points="3602,1130 3602,1128 3601,1127 2550,1113 2549,1112 1936,1104 1936,1104 1937,996 1938,995 3730,1019 3730,1019 3729,1131 3728,1132 3604,1130 3603,1131"/>
        <TextEquiv index="0">
          <Unicode>durch die Kirch / Schloß / Kellerey / und ſchier</Unicode>
        </TextEquiv>
        <TextEquiv index="1">
          <Unicode>durch die Kirch / Schloß / Kellerey / und ſchier</Unicode>
        </TextEquiv>
      </TextLine>
      <TextLine id="l34">
        <Coords points="3715,1244 3714,1243 3715,1225 3714,1224 3714,1162 3714,1162 3642,1161 3641,1161 3641,1165 3640,1166 3640,1197 3641,1198 3641,1200 3640,1201 3640,1203 3639,1204 3639,1205 3638,1206 3632,1205 3632,1206 3632,1208 3631,1208 3630,1208 3629,1209 3628,1209 3627,1210 3626,1210 3625,1211 3624,1211 3622,1213 3621,1213 3620,1214 3618,1214 3617,1215 3616,1215 3614,1217 3586,1217 3585,1218 3583,1218 3582,1217 3498,1216 3498,1216 3498,1219 3497,1220 3496,1219 3440,1218 3439,1217 3359,1216 3359,1216 3359,1217 3357,1219 3355,1219 3353,1216 3353,1215 3352,1215 3316,1214 3313,1211 3230,1210 3229,1211 3228,1211 3227,1212 3177,1212 3175,1214 3157,1213 3156,1215 3156,1218 3154,1220 3153,1229 3150,1232 3149,1232 3148,1231 3147,1231 3146,1231 3146,1230 3146,1229 3145,1229 3144,1228 3143,1228 3141,1227 3142,1220 3141,1219 3074,1218 3072,1216 3072,1214 3071,1213 3051,1213 3048,1210 2948,1209 2947,1210 2887,1209 2886,1210 2885,1210 2884,1209 2755,1207 2754,1208 2754,1209 2753,1210 2753,1213 2752,1214 2752,1216 2751,1217 2751,1219 2748,1222 2746,1222 2745,1222 2745,1223 2744,1225 2740,1225 2739,1226 2723,1226 2722,1225 2721,1225 2720,1224 2715,1223 2714,1223 2714,1222 2713,1221 2714,1219 2713,1218 2713,1209 2712,1208 2638,1207 2637,1206 2637,1205 2636,1204 2544,1203 2543,1204 2516,1204 2515,1205 2468,1204 2467,1205 2434,1205 2433,1206 2432,1206 2431,1207 2430,1207 2428,1209 2425,1209 2424,1210 2421,1210 2420,1211 2416,1211 2415,1212 2414,1212 2413,1213 2411,1213 2409,1214 2391,1214 2391,1214 2391,1212 2390,1211 2385,1211 2384,1210 2382,1210 2381,1209 2380,1209 2379,1208 2378,1208 2377,1207 2375,1207 2373,1205 2372,1205 2371,1204 2370,1204 2366,1200 2279,1199 2279,1199 2279,1209 2277,1211 2271,1211 2270,1210 2268,1210 2265,1206 2265,1203 2264,1202 2264,1199 2263,1199 2253,1198 2252,1197 2150,1196 2150,1197 2150,1198 2149,1199 2149,1200 2148,1201 2148,1202 2147,1203 2147,1204 2146,1205 2146,1206 2145,1207 2145,1208 2143,1209 2143,1210 2139,1214 2138,1214 2137,1215 2136,1215 2135,1216 2131,1216 2130,1217 2116,1217 2115,1216 2114,1216 2113,1215 2111,1215 2110,1213 2110,1212 2106,1208 2106,1197 2105,1197 2063,1196 2062,1195 1991,1194 1945,1193 1945,1194 1945,1206 1945,1209 1945,1209 1968,1210 1969,1210 1968,1215 1969,1216 1969,1217 1935,1216 1934,1216 1936,1105 1936,1104 1944,1104 1945,1105 1945,1114 1945,1114 1971,1115 1972,1115 1972,1118 1972,1119 2045,1120 2046,1119 2046,1115 2046,1115 2051,1115 2052,1115 2052,1117 2053,1118 2053,1120 2052,1121 2052,1131 2052,1132 2132,1133 2133,1132 2136,1132 2138,1133 2138,1134 2138,1135 2258,1137 2262,1133 2264,1133 2266,1131 2267,1131 2268,1130 2269,1130 2271,1131 2271,1137 2271,1138 2358,1139 2362,1135 2363,1135 2364,1134 2364,1133 2365,1132 2365,1131 2369,1127 2370,1127 2373,1124 2374,1124 2375,1123 2376,1123 2379,1120 2380,1120 2381,1119 2385,1119 2386,1118 2388,1118 2389,1117 2407,1117 2408,1116 2412,1117 2413,1118 2416,1118 2417,1119 2419,1119 2420,1120 2444,1120 2446,1121 2446,1122 2447,1123 2447,1124 2446,1125 2446,1135 2446,1136 2528,1137 2531,1135 2531,1134 2531,1133 2532,1133 2533,1132 2536,1132 2537,1133 2537,1135 2538,1136 2540,1136 2541,1137 2544,1137 2545,1138 2546,1138 2547,1139 2590,1140 2593,1142 2592,1147 2593,1148 2674,1149 2674,1148 2675,1137 2679,1133 2682,1133 2683,1133 2683,1131 2684,1129 2685,1129 2686,1128 2688,1128 2689,1127 2691,1127 2692,1126 2695,1126 2696,1127 2697,1127 2699,1129 2698,1144 2699,1144 2796,1146 2796,1145 2797,1141 2798,1140 2798,1138 2799,1137 2799,1135 2800,1134 2800,1133 2801,1132 2801,1131 2802,1130 2803,1130 2804,1129 2805,1129 2807,1127 2808,1127 2810,1125 2815,1125 2816,1124 2818,1124 2819,1125 2820,1125 2821,1125 2821,1142 2821,1143 2850,1143 2851,1144 2850,1146 2852,1147 2924,1148 2925,1147 2944,1147 2946,1146 2949,1146 2950,1147 2950,1148 2951,1149 3033,1150 3034,1149 3078,1149 3079,1148 3127,1149 3127,1148 3128,1139 3129,1138 3129,1136 3130,1135 3130,1132 3131,1131 3161,1131 3163,1129 3167,1129 3169,1127 3172,1127 3174,1125 3175,1127 3177,1127 3178,1128 3179,1128 3184,1132 3184,1133 3189,1138 3188,1154 3189,1155 3191,1155 3192,1156 3192,1159 3193,1160 3281,1161 3281,1160 3281,1158 3282,1157 3282,1156 3284,1155 3285,1155 3285,1154 3285,1153 3287,1152 3288,1152 3289,1151 3296,1151 3296,1152 3296,1153 3297,1153 3362,1154 3362,1153 3363,1143 3364,1142 3364,1141 3365,1140 3365,1138 3365,1138 3369,1138 3371,1140 3371,1146 3372,1147 3371,1155 3372,1155 3398,1155 3399,1156 3450,1157 3450,1157 3451,1143 3452,1141 3454,1141 3458,1145 3458,1147 3459,1148 3458,1158 3459,1158 3533,1159 3533,1159 3533,1155 3534,1154 3534,1152 3535,1151 3536,1147 3538,1144 3539,1144 3541,1146 3541,1147 3542,1148 3541,1151 3542,1151 3543,1151 3544,1152 3548,1152 3549,1153 3638,1155 3639,1154 3640,1154 3641,1155 3641,1157 3642,1158 3713,1159 3713,1158 3714,1132 3714,1132 3728,1132 3729,1132 3727,1243 3727,1244"/>
        <TextEquiv index="0">
          <Unicode>die gantze Stadt abgebronnen iſt; wie in der</Unicode>
        </TextEquiv>
        <TextEquiv index="1">
          <Unicode>die gantze Stadt abgebronnen iſt; wie in der</Unicode>
        </TextEquiv>
      </TextLine>
      <TextLine id="l35">
        <Coords points="1933,1337 1933,1337 1934,1217 1935,1216 1969,1217 1969,1217 1969,1219 1970,1220 2033,1221 2034,1222 2274,1225 2275,1226 3185,1238 3186,1237 3727,1244 3727,1244 3726,1356 3725,1357 3714,1357 3714,1356 3714,1353 3713,1353 3537,1350 3536,1349 3420,1348 3419,1347 3396,1346 3394,1344 2508,1333 2506,1334 2256,1330 2254,1331 1968,1328 1967,1328 1967,1335 1966,1336 1966,1337 1965,1338"/>
        <TextEquiv index="0">
          <Unicode>Franckfurter Herbſt⸗Relation deſſelben Jahrs</Unicode>
        </TextEquiv>
        <TextEquiv index="1">
          <Unicode>Franckfurter Herbſt⸗Relation deſſelben Jahrs</Unicode>
        </TextEquiv>
      </TextLine>
      <TextLine id="l36">
        <Coords points="3715,1470 3714,1469 3714,1464 3714,1464 2419,1447 2418,1448 2003,1442 2002,1443 1993,1443 1992,1442 1932,1441 1932,1441 1933,1338 1933,1337 2332,1342 2333,1342 2335,1342 2336,1341 2337,1341 2338,1340 2339,1340 2340,1339 2651,1343 2652,1342 2911,1345 2912,1344 2929,1344 2930,1345 2932,1345 2934,1347 3713,1358 3714,1357 3725,1357 3726,1357 3724,1469 3724,1470"/>
        <TextEquiv index="0">
          <Unicode>pag. 90. ſtehet. In der Frühlings⸗Relation</Unicode>
        </TextEquiv>
        <TextEquiv index="1">
          <Unicode>pag. 90. ſtehet. In der Frühlings⸗Relation</Unicode>
        </TextEquiv>
      </TextLine>
      <TextLine id="l37">
        <Coords points="2732,1567 2732,1566 2732,1565 2731,1565 1962,1555 1961,1556 1931,1555 1930,1555 1932,1442 1932,1441 2100,1443 2101,1444 2148,1445 2149,1446 2150,1446 2152,1448 3338,1464 3339,1463 3346,1463 3347,1462 3353,1462 3354,1463 3363,1463 3365,1465 3724,1470 3724,1470 3723,1568 3723,1569 3347,1564 3346,1565 3340,1565 3339,1566 2899,1560 2898,1561 2897,1561 2894,1564 2880,1564 2878,1565 2877,1565 2876,1566 2783,1564 2782,1565 2759,1565 2759,1566 2759,1567 2758,1567"/>
        <TextEquiv index="0">
          <Unicode>deß Jahrs 1673 ſtehet pag. 48. daß die Frantzo⸗</Unicode>
        </TextEquiv>
        <TextEquiv index="1">
          <Unicode>deß Jahrs 1673ſtehet pag. 48. daß die Frantzo⸗</Unicode>
        </TextEquiv>
      </TextLine>
      <TextLine id="l38">
        <Coords points="1929,1666 1929,1666 1930,1556 1931,1555 2002,1556 2003,1555 2007,1555 2009,1557 3137,1572 3138,1571 3148,1571 3149,1570 3172,1571 3173,1570 3174,1570 3175,1569 3713,1576 3714,1575 3714,1569 3715,1569 3723,1569 3723,1569 3721,1688 3721,1689 3715,1689 3714,1688 3714,1685 3714,1685 2564,1670 2563,1671 1960,1663 1960,1663 1960,1666 1959,1667"/>
        <TextEquiv index="0">
          <Unicode>ſen in dem jetzigen Krieg das Chur⸗Fürſtl.</Unicode>
        </TextEquiv>
        <TextEquiv index="1">
          <Unicode>ſen in dem jetzigen Krieg das Chur⸗Fürſtl.</Unicode>
        </TextEquiv>
      </TextLine>
      <TextLine id="l39">
        <Coords points="1928,1779 1927,1779 1929,1667 1929,1666 2342,1672 2343,1671 2854,1677 2855,1676 2876,1677 2877,1678 3721,1689 3721,1689 3720,1798 3720,1799 1960,1776 1959,1776 1959,1779 1959,1780"/>
        <TextEquiv index="0">
          <Unicode>Luſt⸗ und Jagt⸗Hauß Witlich bezogen / allda</Unicode>
        </TextEquiv>
        <TextEquiv index="1">
          <Unicode>Luſt⸗und Jagt⸗Hauß Witlich bezogen / allda</Unicode>
        </TextEquiv>
      </TextLine>
      <TextLine id="l40">
        <Coords points="3714,1913 3714,1912 3714,1910 3713,1910 3591,1908 3590,1907 3587,1907 3587,1906 3587,1886 3586,1886 3539,1885 3537,1883 3399,1882 3396,1884 3395,1884 3394,1883 3240,1881 3239,1882 3237,1882 3236,1883 3234,1883 3233,1882 3233,1881 3232,1880 3232,1878 3231,1877 3081,1875 3081,1876 3081,1891 3075,1896 3068,1896 3066,1894 3064,1894 3063,1893 3063,1892 3062,1891 3062,1877 3061,1876 3026,1876 2923,1874 2923,1875 2923,1878 2922,1879 2922,1884 2921,1885 2921,1892 2920,1893 2920,1894 2917,1896 2916,1896 2915,1895 2912,1895 2910,1893 2910,1879 2909,1878 2781,1876 2780,1877 2778,1877 2778,1877 2778,1876 2777,1875 2626,1873 2625,1874 2567,1874 2567,1874 2567,1887 2564,1890 2563,1890 2562,1891 2559,1891 2559,1891 2559,1892 2558,1892 2535,1892 2534,1893 2530,1893 2530,1893 2530,1892 2529,1891 2424,1890 2422,1888 2420,1888 2416,1884 2415,1884 2414,1883 2364,1882 2364,1882 2364,1891 2363,1892 2362,1892 2362,1891 2362,1882 2361,1882 2304,1881 2303,1880 2295,1880 2294,1879 2293,1879 2292,1878 2291,1878 2291,1877 2291,1876 2290,1876 2288,1876 2287,1875 2285,1875 2285,1874 2285,1873 2283,1872 2280,1872 2279,1871 2196,1870 2195,1869 1960,1866 1960,1866 1960,1873 1959,1874 1959,1881 1958,1882 1926,1881 1926,1881 1927,1780 1928,1779 1960,1780 1960,1780 1960,1800 1960,1801 2008,1801 2010,1803 2147,1805 2148,1805 2148,1804 2149,1803 2149,1800 2150,1799 2150,1797 2153,1793 2154,1793 2155,1792 2157,1792 2158,1791 2205,1792 2209,1789 2291,1790 2293,1789 2294,1789 2295,1788 2296,1788 2297,1787 2298,1787 2300,1785 2308,1785 2309,1784 2318,1784 2319,1785 2334,1786 2335,1787 2337,1787 2338,1788 2339,1788 2340,1789 2351,1789 2352,1791 2502,1793 2506,1790 2548,1790 2549,1789 2550,1789 2551,1788 2555,1788 2556,1787 2576,1788 2577,1787 2578,1787 2579,1788 2584,1788 2585,1789 2589,1789 2589,1789 2589,1790 2590,1792 2591,1792 2592,1792 2592,1793 2593,1795 2634,1795 2636,1797 2636,1811 2636,1812 2780,1813 2781,1812 2811,1813 2812,1812 2812,1811 2814,1809 2814,1808 2815,1807 2815,1806 2815,1806 2816,1806 2817,1805 2819,1805 2820,1804 2820,1803 2821,1802 2821,1800 2822,1799 2823,1799 2826,1796 2827,1796 2828,1796 2828,1795 2830,1793 2831,1793 2832,1792 2834,1792 2835,1791 2839,1791 2842,1788 2848,1788 2849,1787 2873,1788 2874,1789 2875,1789 2876,1790 2877,1790 2878,1791 2882,1791 2883,1792 2884,1792 2885,1794 2901,1794 2902,1795 3057,1797 3058,1796 3059,1796 3060,1795 3067,1795 3072,1800 3072,1814 3072,1814 3256,1817 3257,1816 3257,1814 3258,1813 3258,1811 3259,1810 3259,1809 3262,1806 3322,1806 3323,1806 3323,1805 3327,1801 3327,1800 3332,1796 3333,1796 3334,1795 3337,1795 3338,1794 3341,1794 3342,1793 3358,1793 3359,1794 3361,1794 3363,1796 3369,1796 3369,1797 3369,1798 3370,1799 3371,1799 3373,1801 3435,1802 3436,1803 3457,1803 3459,1805 3459,1818 3459,1818 3617,1820 3618,1820 3618,1819 3619,1818 3619,1817 3620,1816 3620,1814 3623,1810 3624,1810 3625,1809 3713,1811 3714,1810 3714,1799 3715,1799 3720,1799 3720,1799 3719,1912 3718,1913"/>
        <TextEquiv index="0">
          <Unicode>man die Schlüſſel von Speichern / Kellern /</Unicode>
        </TextEquiv>
        <TextEquiv index="1">
          <Unicode>man die Schlüſſel von Speichern / Kellern /</Unicode>
        </TextEquiv>
      </TextLine>
      <TextLine id="l41">
        <Coords points="1925,2004 1924,2004 1926,1882 1926,1881 1958,1882 1960,1883 1960,1884 1960,1885 2025,1886 2026,1887 2028,1887 2029,1888 2031,1888 2036,1893 2110,1894 2113,1896 2113,1897 2113,1898 2115,1898 2116,1899 2118,1899 2120,1901 2121,1901 2122,1901 2122,1902 2122,1903 2123,1903 2124,1903 2123,1904 2124,1905 2124,1917 2125,1918 2196,1919 2196,1919 2196,1920 2197,1921 2335,1923 2335,1922 2335,1919 2336,1918 2336,1914 2340,1911 2341,1911 2342,1910 2414,1911 2415,1909 2415,1908 2416,1908 2417,1908 2420,1905 2420,1903 2422,1901 2422,1900 2423,1899 2425,1899 2427,1897 2431,1897 2433,1895 2434,1895 2435,1894 2452,1894 2453,1895 2457,1895 2459,1897 2460,1897 2461,1898 2462,1898 2464,1900 2464,1901 2464,1901 2559,1903 2562,1906 2564,1906 2565,1907 2567,1907 2568,1908 2693,1909 2693,1909 2694,1907 2694,1906 2699,1906 2700,1905 2704,1905 2705,1906 2706,1906 2707,1907 2709,1907 2712,1911 2712,1920 2713,1921 2753,1921 2755,1923 2880,1925 2880,1924 2880,1917 2881,1916 2881,1915 2884,1913 2885,1913 2885,1912 2885,1911 2888,1909 2889,1909 2891,1907 2891,1906 2892,1905 2897,1905 2899,1907 2900,1907 2901,1907 2900,1924 2901,1925 3034,1927 3036,1925 3114,1926 3114,1925 3114,1913 3119,1909 3119,1908 3119,1908 3120,1908 3121,1907 3169,1907 3170,1907 3170,1906 3170,1906 3171,1906 3172,1905 3173,1905 3175,1903 3201,1903 3202,1902 3204,1902 3205,1903 3207,1903 3208,1904 3210,1904 3211,1905 3212,1905 3214,1907 3214,1908 3216,1911 3216,1927 3217,1927 3273,1928 3274,1929 3275,1929 3277,1931 3277,1932 3279,1934 3279,1935 3281,1937 3281,1938 3282,1939 3282,1956 3282,1957 3339,1958 3340,1957 3341,1906 3341,1906 3343,1906 3344,1906 3343,1957 3343,1958 3415,1959 3416,1958 3416,1928 3417,1927 3417,1919 3418,1918 3418,1917 3423,1913 3424,1913 3425,1912 3426,1912 3427,1911 3438,1911 3439,1910 3454,1910 3456,1912 3477,1913 3478,1914 3479,1914 3480,1915 3481,1915 3481,1915 3481,1931 3482,1932 3503,1932 3504,1933 3574,1934 3575,1935 3592,1935 3592,1935 3593,1911 3593,1910 3594,1911 3593,1935 3594,1935 3714,1937 3714,1936 3715,1913 3715,1913 3718,1913 3719,1913 3717,2021 3717,2022 3715,2022 3714,2021 3714,1997 3714,1997 3576,1995 3575,1996 3574,1996 3573,1997 3572,1997 3570,1995 3471,1993 3470,1992 3443,1992 3442,1991 3441,1991 3437,1987 3436,1987 3436,1986 3436,1985 3435,1985 3434,1985 3433,1984 3432,1984 3431,1983 3430,1983 3428,1981 3307,1979 3307,1980 3307,1987 3304,1989 3300,1989 3299,1990 3299,1991 3296,1994 3296,1995 3295,1996 3190,1995 3189,1995 3189,2002 3187,2004 3187,2007 3187,2008 3159,2007 3158,2008 3156,2008 3155,2009 3154,2009 3153,2009 3153,2008 3152,2007 3152,1995 3151,1994 3151,1989 3151,1988 2895,1985 2894,1986 2837,1985 2836,1986 2836,1988 2834,1990 2834,1991 2833,1992 2833,1993 2831,1995 2831,1996 2830,1997 2830,1998 2828,2000 2828,2001 2826,2003 2823,2003 2822,2004 2713,2003 2712,2004 2711,2004 2709,2005 2708,2005 2706,2007 2702,2007 2701,2006 2694,2006 2693,2005 2691,2005 2690,2004 2689,2004 2687,2003 2687,1987 2687,1986 2558,1985 2556,1986 2556,1987 2556,1987 2536,1987 2535,1988 2535,1989 2534,1990 2534,1992 2533,1993 2533,2001 2532,2002 2532,2003 2531,2004 2531,2005 2531,2005 2530,2005 2529,2006 2526,2006 2523,2004 2523,1985 2523,1984 2451,1983 2450,1982 2319,1980 2318,1981 2316,1981 2315,1980 2141,1978 2140,1979 2088,1978 2088,1979 2087,1980 2086,1981 2086,1994 2085,1995 2085,1996 2085,1996 2084,1996 2083,1997 1958,1996 1957,1996 1957,2000 1956,2001 1956,2004 1956,2005"/>
        <TextEquiv index="0">
          <Unicode>Kiſten und Kaſten hergeben müſſen. Anno</Unicode>
        </TextEquiv>
        <TextEquiv index="1">
          <Unicode>Kiſten und Kaſten hergeben müſſen. Anno</Unicode>
        </TextEquiv>
      </TextLine>
      <TextLine id="l42">
        <Coords points="3714,2159 3715,2142 3714,2141 3715,2065 3713,2064 3630,2063 3630,2063 3629,2074 3628,2075 3628,2081 3627,2082 3627,2083 3623,2087 3623,2089 3622,2090 3622,2091 3621,2092 3618,2092 3616,2094 3616,2095 3616,2095 3613,2095 3612,2096 3611,2096 3610,2097 3609,2097 3607,2099 3607,2100 3605,2102 3603,2102 3602,2103 3602,2105 3601,2105 3585,2105 3585,2105 3585,2107 3582,2110 3550,2110 3549,2110 3512,2110 3511,2111 3508,2111 3507,2112 3506,2112 3505,2113 3504,2113 3503,2112 3457,2111 3456,2110 3391,2109 3390,2108 3362,2108 3361,2107 3336,2107 3335,2106 3196,2104 3194,2106 3193,2106 3192,2105 3166,2104 3165,2103 3072,2102 3071,2101 3051,2101 3051,2100 2981,2099 2980,2100 2980,2112 2978,2114 2978,2118 2974,2121 2963,2121 2962,2120 2961,2120 2959,2118 2958,2118 2958,2117 2958,2115 2957,2114 2957,2113 2956,2112 2956,2103 2955,2103 2891,2102 2890,2101 2867,2101 2866,2099 2866,2098 2866,2098 2778,2096 2777,2097 2777,2113 2776,2113 2775,2113 2773,2115 2768,2115 2766,2117 2729,2117 2729,2117 2729,2118 2727,2120 2720,2120 2719,2119 2716,2119 2716,2118 2716,2117 2715,2116 2715,2099 2714,2099 2692,2098 2692,2097 2610,2096 2609,2097 2606,2097 2604,2098 2544,2097 2544,2098 2544,2099 2542,2100 2541,2100 2541,2101 2541,2102 2539,2104 2539,2105 2536,2107 2535,2107 2534,2108 2532,2108 2532,2108 2532,2106 2530,2104 2530,2103 2529,2102 2529,2100 2528,2099 2528,2098 2527,2097 2527,2091 2527,2090 2457,2089 2456,2090 2456,2094 2455,2095 2455,2100 2454,2101 2454,2102 2453,2103 2453,2105 2451,2107 2451,2108 2448,2110 2446,2110 2445,2111 2443,2111 2440,2114 2434,2114 2434,2113 2434,2094 2434,2094 2388,2093 2386,2091 2328,2090 2284,2090 2283,2091 2282,2091 2281,2092 2252,2091 2251,2092 2226,2092 2225,2093 2225,2094 2224,2095 2224,2103 2223,2104 2223,2109 2222,2110 2222,2111 2221,2111 2146,2110 2145,2109 2078,2108 2077,2107 2077,2106 2076,2105 2076,2083 2076,2082 2008,2081 2005,2084 2004,2084 2003,2085 1954,2085 1953,2085 1953,2102 1952,2103 1952,2112 1951,2113 1950,2113 1949,2112 1923,2111 1923,2111 1924,2005 1925,2004 1956,2005 1956,2005 1956,2032 1956,2033 2039,2034 2041,2032 2041,2031 2041,2031 2042,2031 2045,2028 2046,2028 2049,2025 2051,2025 2053,2023 2054,2023 2055,2022 2055,2020 2056,2019 2057,2020 2058,2020 2059,2021 2060,2021 2062,2023 2062,2035 2062,2035 2110,2036 2111,2037 2113,2037 2115,2038 2115,2039 2115,2040 2213,2041 2215,2040 2215,2038 2217,2036 2217,2033 2218,2031 2219,2031 2220,2031 2220,2030 2221,2029 2221,2028 2227,2021 2228,2021 2229,2021 2229,2019 2230,2018 2230,2016 2231,2015 2232,2015 2233,2014 2234,2014 2236,2012 2236,2011 2239,2008 2240,2008 2241,2007 2242,2007 2243,2006 2255,2007 2256,2008 2260,2008 2261,2009 2261,2015 2262,2016 2267,2016 2268,2017 2331,2018 2331,2018 2331,2022 2332,2024 2333,2024 2335,2026 2336,2026 2339,2029 2343,2029 2345,2031 2347,2031 2349,2033 2350,2033 2352,2034 2352,2035 2353,2036 2353,2037 2353,2038 2354,2038 2355,2039 2454,2040 2455,2039 2456,2040 2457,2040 2458,2041 2460,2041 2461,2042 2502,2043 2503,2044 2504,2044 2505,2045 2507,2045 2508,2046 2509,2046 2511,2048 2512,2048 2514,2049 2514,2050 2516,2053 2517,2052 2517,2016 2518,2016 2518,2016 2518,2057 2519,2058 2518,2059 2519,2061 2519,2076 2520,2076 2587,2077 2588,2076 2592,2076 2592,2075 2593,2034 2594,2033 2594,2032 2595,2031 2595,2030 2596,2030 2596,2029 2597,2028 2597,2023 2599,2021 2601,2021 2602,2020 2603,2020 2606,2017 2606,2016 2609,2013 2610,2013 2611,2012 2615,2012 2615,2012 2615,2011 2617,2009 2624,2009 2625,2008 2627,2008 2628,2007 2641,2008 2642,2009 2644,2009 2645,2010 2646,2010 2649,2013 2702,2013 2704,2016 2704,2017 2705,2018 2705,2019 2706,2019 2774,2020 2775,2019 2776,2019 2780,2015 2781,2015 2783,2013 2784,2013 2785,2012 2787,2012 2788,2012 2794,2012 2794,2012 2794,2013 2796,2015 2797,2015 2798,2016 2799,2016 2801,2018 2801,2019 2803,2021 2871,2022 2872,2021 2873,2021 2879,2015 2880,2015 2881,2014 2883,2014 2884,2015 2884,2018 2885,2019 2957,2020 2961,2016 2962,2016 2964,2018 2965,2018 2966,2019 2966,2020 2967,2021 2969,2021 2969,2021 2969,2022 2970,2023 2970,2033 2970,2034 3046,2035 3047,2034 3047,2032 3048,2031 3048,2029 3049,2028 3049,2027 3050,2026 3050,2025 3051,2024 3051,2023 3052,2023 3053,2023 3053,2022 3053,2021 3054,2020 3054,2019 3055,2019 3056,2019 3057,2018 3058,2018 3059,2017 3060,2017 3061,2016 3062,2016 3063,2015 3064,2015 3065,2014 3067,2014 3068,2013 3106,2014 3107,2015 3108,2015 3109,2016 3112,2016 3119,2023 3119,2025 3120,2026 3120,2027 3121,2028 3121,2038 3121,2039 3152,2039 3153,2040 3222,2041 3223,2041 3223,2040 3224,2038 3225,2038 3226,2037 3227,2037 3229,2035 3232,2035 3233,2034 3235,2034 3238,2037 3238,2039 3238,2039 3287,2040 3288,2041 3347,2042 3348,2041 3348,2029 3349,2028 3349,2027 3350,2026 3350,2023 3351,2023 3355,2023 3356,2024 3356,2025 3357,2026 3425,2027 3431,2022 3433,2022 3434,2021 3435,2021 3436,2020 3440,2020 3441,2019 3446,2019 3447,2018 3490,2019 3491,2018 3495,2018 3496,2019 3514,2019 3515,2020 3525,2020 3526,2021 3527,2021 3528,2022 3529,2022 3532,2025 3564,2026 3565,2027 3566,2027 3566,2027 3566,2031 3567,2032 3567,2036 3567,2037 3590,2037 3592,2039 3592,2040 3594,2042 3594,2050 3594,2050 3625,2050 3626,2051 3626,2052 3626,2052 3627,2053 3628,2053 3628,2054 3631,2057 3631,2060 3631,2061 3713,2062 3714,2061 3714,2022 3715,2022 3717,2022 3717,2022 3715,2159 3715,2160"/>
        <TextEquiv index="0">
          <Unicode>1674. ſind 150. Käyferliche Reuter in Wit⸗</Unicode>
        </TextEquiv>
        <TextEquiv index="1">
          <Unicode>1674. ſind 150. Käyferliche Reuter in Wit⸗</Unicode>
        </TextEquiv>
      </TextLine>
      <TextLine id="l43">
        <Coords points="1922,2238 1921,2238 1923,2112 1923,2111 1949,2112 1950,2113 1951,2113 1952,2113 1952,2118 1952,2119 2209,2122 2211,2123 2210,2139 2211,2140 2276,2141 2278,2143 2343,2144 2344,2145 2365,2145 2370,2150 2371,2150 2372,2152 2372,2153 2374,2155 2374,2187 2374,2187 2388,2187 2390,2189 2392,2189 2393,2190 2394,2190 2397,2193 2397,2194 2400,2197 2400,2203 2398,2204 2394,2204 2392,2207 2392,2210 2390,2211 2390,2213 2389,2214 2286,2213 2285,2213 2285,2214 2284,2215 2284,2216 2282,2218 2282,2219 2281,2220 2281,2221 2281,2222 2279,2222 2278,2223 2277,2223 2276,2223 2277,2224 2553,2227 2553,2228 2553,2228 2267,2225 2266,2226 1951,2222 1950,2222 1950,2224 1949,2225 1949,2232 1949,2233 1946,2233 1945,2234 1945,2238 1945,2238"/>
        <TextEquiv index="0">
          <Unicode>lich gelegen.</Unicode>
        </TextEquiv>
        <TextEquiv index="1">
          <Unicode>lich gelegen.</Unicode>
        </TextEquiv>
      </TextLine>
      <TextEquiv>
        <Unicode/>
      </TextEquiv>
    </TextRegion>
    <TextRegion id="r5" orientation="-0.125" type="paragraph">
      <Coords points="1951,5600 1928,5401 1930,3695 1951,3121 1951,2684 2100,2701 2096,2497 2109,2438 2573,2438 2689,2475 2928,2438 3673,2438 3673,5600"/>
      <TextLine id="l44">
        <Coords points="2098,2450 3627,2453 3627,2593 2098,2590"/>
        <TextEquiv index="0">
          <Unicode>N der Moſel / zwiſchen Trorbach und</Unicode>
        </TextEquiv>
        <TextEquiv index="1">
          <Unicode>der Moſel / zwiſchen Trorbach und</Unicode>
        </TextEquiv>
      </TextLine>
      <TextLine id="l45">
        <Coords points="2104,2590 3624,2593 3623,2694 2103,2691"/>
        <TextEquiv index="0">
          <Unicode>Beilſtein / ſo Leodius ein Städtlein nen⸗</Unicode>
        </TextEquiv>
        <TextEquiv index="1">
          <Unicode>Beilſtein / ſo Leodius ein Städtlein nen⸗</Unicode>
        </TextEquiv>
      </TextLine>
      <TextLine id="l46">
        <Coords points="3294,2813 3294,2792 3293,2791 3292,2791 3290,2789 3256,2789 3255,2788 3175,2788 3173,2786 3019,2785 3018,2786 2986,2786 2986,2787 2986,2801 2985,2802 2985,2803 2984,2804 2984,2805 2983,2805 2981,2805 2980,2804 2977,2804 2976,2803 2976,2790 2975,2789 2898,2789 2896,2787 2896,2786 2895,2785 2895,2784 2894,2783 2847,2783 2846,2782 2598,2782 2597,2783 2593,2783 2592,2784 2558,2783 2557,2784 2433,2784 2433,2785 2433,2797 2431,2798 2430,2798 2429,2799 2428,2799 2426,2801 2422,2801 2421,2800 2341,2800 2341,2799 2341,2798 2340,2797 2340,2796 2339,2795 2339,2783 2338,2783 2218,2783 2218,2783 2218,2784 2216,2786 2214,2786 2210,2790 2179,2790 2179,2790 2179,2791 2177,2793 2082,2792 2081,2793 2080,2793 2079,2792 2078,2792 2077,2791 2077,2791 2077,2790 2076,2789 2022,2789 2022,2789 2022,2787 2021,2786 1995,2786 1994,2785 1994,2784 1993,2783 1971,2783 1967,2779 1967,2778 1965,2776 1965,2775 1964,2774 1964,2773 1963,2772 1963,2735 1964,2734 1964,2733 1964,2732 1970,2726 1971,2726 1972,2725 1997,2725 1998,2724 2051,2724 2055,2721 2055,2720 2055,2719 2056,2719 2057,2718 2061,2718 2062,2717 2150,2718 2151,2717 2151,2707 2153,2705 2154,2705 2155,2704 2157,2704 2158,2703 2203,2703 2204,2702 2206,2702 2207,2703 2211,2703 2213,2704 2213,2705 2216,2709 2343,2709 2348,2705 2348,2704 2351,2700 2353,2700 2354,2699 2360,2699 2361,2698 2365,2698 2369,2702 2370,2702 2372,2704 2372,2705 2372,2705 2420,2705 2421,2706 2421,2724 2421,2724 2531,2724 2532,2724 2532,2711 2533,2710 2533,2709 2533,2708 2550,2708 2553,2705 2554,2705 2555,2704 2558,2704 2559,2703 2563,2703 2564,2704 2671,2705 2672,2706 2679,2706 2680,2707 2684,2707 2685,2708 2690,2708 2692,2710 2693,2710 2694,2711 2696,2711 2698,2712 2698,2717 2699,2718 2699,2729 2699,2730 2759,2730 2760,2731 2775,2731 2776,2732 2777,2732 2778,2733 2894,2733 2895,2732 2896,2732 2898,2730 2899,2730 2900,2730 2900,2729 2900,2728 2901,2728 2902,2727 2906,2727 2907,2727 2907,2716 2908,2715 2908,2714 2909,2713 2909,2710 2909,2709 2985,2709 2987,2708 2987,2707 2987,2706 2988,2706 2989,2705 2992,2705 2994,2703 3005,2703 3008,2706 3009,2706 3010,2707 3055,2708 3058,2710 3058,2724 3058,2725 3149,2725 3151,2723 3229,2723 3230,2722 3230,2720 3231,2719 3231,2716 3231,2716 3232,2716 3233,2715 3233,2713 3234,2712 3234,2711 3234,2711 3235,2711 3236,2710 3237,2710 3238,2709 3238,2708 3238,2708 3239,2708 3241,2706 3242,2706 3243,2705 3245,2705 3247,2703 3249,2703 3250,2702 3258,2702 3259,2703 3293,2703 3295,2705 3295,2707 3296,2708 3483,2708 3484,2707 3487,2707 3488,2706 3490,2707 3491,2708 3495,2708 3498,2710 3498,2711 3498,2712 3562,2712 3563,2713 3565,2713 3566,2713 3566,2714 3567,2715 3567,2732 3567,2733 3569,2733 3571,2735 3615,2735 3616,2736 3618,2736 3620,2737 3620,2744 3621,2745 3621,2752 3620,2753 3620,2800 3619,2801 3582,2801 3582,2801 3582,2804 3581,2805 3581,2806 3580,2807 3580,2808 3579,2809 3571,2809 3570,2810 3564,2810 3564,2809 3564,2808 3562,2807 3561,2807 3561,2806 3561,2804 3560,2803 3560,2793 3559,2793 3395,2792 3395,2793 3395,2794 3393,2795 3392,2795 3391,2796 3390,2796 3390,2797 3390,2800 3388,2801 3382,2801 3382,2802 3382,2806 3381,2807 3381,2808 3380,2808 3379,2808 3378,2809 3375,2809 3373,2807 3373,2805 3372,2804 3372,2792 3371,2791 3295,2791 3295,2792 3295,2813 3294,2813"/>
        <TextEquiv index="0">
          <Unicode>net. Und ſchreibt Carve in ſeinem Reißbüch⸗</Unicode>
        </TextEquiv>
        <TextEquiv index="1">
          <Unicode>net. Und ſchreibt Carve in ſeinem Reißbüch⸗</Unicode>
        </TextEquiv>
      </TextLine>
      <TextLine id="l47">
        <Coords points="3470,2926 3470,2904 3470,2903 3467,2903 3466,2902 3353,2902 3352,2903 3352,2913 3349,2916 3346,2916 3345,2915 3341,2915 3338,2913 3338,2902 3338,2901 3278,2901 3277,2900 3223,2900 3222,2899 3084,2899 3082,2900 3082,2901 3081,2903 3065,2903 3064,2903 3064,2910 3063,2911 3063,2912 3062,2913 3062,2914 3060,2916 3060,2917 3058,2920 3046,2920 3045,2919 3043,2919 3038,2914 3038,2913 3037,2912 2924,2911 2923,2912 2922,2911 2918,2911 2915,2909 2915,2908 2914,2907 2914,2906 2913,2905 2913,2899 2913,2898 2844,2898 2843,2897 2689,2897 2688,2898 2684,2898 2683,2899 2574,2899 2572,2900 2571,2900 2570,2901 2570,2902 2569,2903 2569,2904 2568,2905 2568,2906 2568,2906 2562,2906 2560,2908 2560,2910 2558,2912 2557,2911 2556,2911 2555,2910 2552,2910 2551,2909 2550,2909 2549,2909 2549,2895 2549,2894 2516,2894 2515,2893 2514,2893 2513,2892 2474,2892 2472,2890 2469,2890 2466,2887 2373,2887 2327,2887 2325,2888 2325,2889 2324,2891 2242,2891 2241,2892 2239,2892 2238,2893 2180,2893 2179,2893 2179,2920 2178,2922 2177,2922 2175,2924 2167,2924 2166,2923 2163,2923 2162,2922 2161,2922 2159,2920 2156,2920 2154,2918 2154,2905 2154,2905 2107,2904 2104,2902 2104,2898 2104,2897 2083,2897 2082,2896 2031,2896 2029,2894 1975,2894 1973,2893 1973,2892 1973,2891 1970,2891 1967,2889 1968,2864 1969,2863 1969,2830 1970,2829 1970,2828 1972,2826 1972,2825 1975,2822 1975,2821 1976,2820 1976,2819 1976,2818 1977,2818 1978,2817 1979,2817 1981,2815 1983,2815 1984,2816 1986,2816 1987,2817 1987,2818 1987,2818 2042,2818 2044,2820 2044,2821 2045,2822 2045,2823 2045,2823 2135,2824 2136,2824 2136,2826 2139,2829 2139,2841 2139,2842 2250,2842 2253,2839 2256,2839 2257,2838 2287,2838 2288,2837 2292,2837 2293,2836 2294,2836 2297,2839 2463,2839 2464,2839 2464,2825 2469,2819 2471,2819 2472,2818 2565,2818 2567,2816 2568,2816 2569,2815 2570,2815 2571,2815 2571,2814 2571,2813 2572,2813 2573,2813 2574,2813 2575,2812 2582,2812 2584,2814 2586,2814 2587,2814 2587,2815 2590,2818 2590,2835 2590,2836 2721,2836 2722,2835 2779,2835 2781,2833 2781,2831 2782,2830 2782,2827 2783,2826 2783,2824 2783,2824 2784,2824 2785,2823 2786,2823 2788,2821 2788,2819 2789,2818 2790,2818 2792,2816 2793,2816 2795,2814 2800,2814 2801,2813 2802,2813 2803,2814 2807,2814 2810,2817 2810,2818 2811,2819 2811,2831 2811,2831 2921,2831 2923,2833 2923,2837 2923,2837 3036,2838 3037,2837 3037,2827 3038,2826 3038,2825 3039,2824 3039,2822 3041,2820 3041,2819 3044,2816 3044,2815 3045,2814 3045,2813 3045,2813 3047,2813 3048,2812 3049,2812 3051,2810 3063,2810 3064,2809 3066,2809 3067,2808 3068,2808 3069,2807 3073,2807 3074,2808 3077,2808 3078,2809 3085,2809 3088,2811 3088,2812 3088,2813 3089,2813 3090,2814 3091,2814 3093,2815 3093,2816 3095,2818 3095,2820 3095,2821 3234,2821 3235,2820 3291,2820 3292,2820 3292,2818 3293,2816 3365,2816 3366,2817 3368,2817 3370,2819 3370,2820 3371,2821 3488,2821 3489,2821 3491,2822 3491,2839 3491,2840 3603,2840 3604,2841 3606,2841 3607,2842 3608,2842 3611,2845 3615,2845 3619,2848 3619,2871 3621,2873 3620,2876 3619,2877 3619,2892 3618,2893 3618,2894 3617,2896 3616,2896 3614,2898 3612,2898 3610,2900 3609,2900 3607,2902 3606,2902 3604,2904 3601,2904 3600,2905 3498,2905 3497,2905 3497,2911 3496,2912 3496,2914 3496,2915 3495,2915 3491,2919 3490,2919 3489,2920 3484,2919 3480,2916 3480,2904 3480,2903 3472,2903 3471,2904 3471,2926 3471,2926"/>
        <TextEquiv index="0">
          <Unicode>lein / part. 2. daß vor kurtzer Zeit in ſolchem</Unicode>
        </TextEquiv>
        <TextEquiv index="1">
          <Unicode>lein / part. 2. daß vor kurtzer Zeit in ſolchem</Unicode>
        </TextEquiv>
      </TextLine>
      <TextLine id="l48">
        <Coords points="1950,3035 1950,2976 1951,2975 1968,2975 1968,2975 1968,2971 1969,2970 1969,2958 1970,2957 1970,2955 1971,2954 1971,2953 1972,2952 1972,2948 1973,2947 1973,2946 1975,2944 1975,2943 1976,2942 1976,2941 1977,2940 1977,2939 1978,2938 1979,2938 1979,2938 1979,2937 1981,2935 1982,2935 1984,2933 1985,2933 1987,2931 1988,2931 1990,2929 1992,2929 1993,2928 1994,2928 1997,2925 2000,2925 2001,2924 2005,2924 2007,2922 2528,2923 2530,2921 2793,2922 2794,2921 2804,2921 2805,2922 2816,2922 2818,2924 2821,2924 2822,2925 3500,2927 3502,2929 3502,2949 3503,2950 3596,2950 3598,2952 3618,2952 3619,2953 3619,2955 3620,2956 3620,2957 3621,2958 3621,2969 3620,2970 3620,3012 3620,3013 3486,3012 3485,3013 3486,3013 3631,3014 3631,3014 3631,3015 3631,3016 2928,3014 2927,3015 2927,3024 2925,3026 2925,3028 2923,3030 2916,3030 2915,3031 2909,3031 2908,3030 2904,3030 2902,3028 2801,3028 2800,3027 1970,3025 1969,3026 1969,3034 1969,3034 1952,3034 1951,3035"/>
        <TextEquiv index="0">
          <Unicode>Städtlein der Oberſte Johann Beer von Laer</Unicode>
        </TextEquiv>
        <TextEquiv index="1">
          <Unicode>Städtlein der Oberſte Johann Beer von Laer</Unicode>
        </TextEquiv>
      </TextLine>
      <TextLine id="l49">
        <Coords points="2324,3141 2322,3139 2263,3139 2262,3138 2131,3138 2130,3139 2128,3139 2127,3140 2120,3140 2119,3139 2007,3138 1987,3138 1986,3139 1983,3139 1982,3138 1976,3138 1975,3137 1973,3137 1968,3132 1968,3129 1967,3128 1967,3127 1966,3126 1966,3044 1966,3043 1951,3043 1950,3043 1950,3036 1951,3035 1951,3036 1951,3037 1952,3037 2066,3037 2068,3040 2068,3055 2069,3055 2260,3056 2260,3055 2260,3054 2261,3053 2261,3052 2262,3051 2262,3050 2263,3049 2263,3048 2264,3047 2264,3044 2266,3042 2266,3041 2267,3041 2268,3041 2271,3038 2273,3038 2274,3037 2283,3037 2284,3036 2285,3037 2286,3037 2287,3038 2289,3038 2290,3039 2291,3039 2294,3042 2294,3054 2295,3055 2429,3055 2430,3054 2431,3054 2432,3053 2585,3054 2585,3053 2585,3049 2588,3046 2588,3045 2591,3043 2592,3043 2592,3042 2592,3041 2594,3040 2595,3040 2596,3039 2598,3039 2599,3038 2653,3038 2654,3039 2656,3039 2657,3040 2658,3040 2659,3041 2660,3041 2662,3043 2845,3043 2845,3043 2845,3042 2846,3041 2909,3041 2910,3040 2912,3040 2914,3038 2915,3038 2916,3037 2921,3037 2923,3035 2958,3035 2959,3034 2989,3034 2990,3035 2993,3035 2994,3036 2996,3036 2997,3037 3006,3037 3008,3039 3009,3039 3010,3041 3010,3042 3012,3044 3012,3045 3014,3047 3014,3048 3015,3049 3015,3050 3016,3051 3016,3052 3019,3054 3086,3055 3088,3057 3273,3057 3273,3057 3273,3048 3274,3047 3274,3044 3276,3042 3296,3042 3297,3041 3299,3041 3302,3038 3304,3038 3305,3037 3307,3037 3309,3035 3315,3035 3316,3036 3317,3036 3319,3039 3319,3040 3321,3041 3365,3041 3365,3042 3365,3045 3367,3047 3367,3059 3368,3059 3500,3060 3500,3059 3500,3051 3501,3050 3501,3049 3502,3048 3502,3046 3505,3044 3561,3044 3562,3043 3563,3043 3564,3042 3566,3044 3567,3044 3568,3045 3568,3046 3569,3047 3569,3053 3570,3054 3616,3054 3617,3055 3619,3055 3619,3055 3620,3056 3620,3057 3621,3058 3621,3059 3622,3060 3622,3114 3621,3115 3621,3117 3620,3118 3619,3118 3617,3120 3616,3120 3616,3120 3616,3122 3615,3123 3611,3123 3609,3125 3604,3125 3603,3126 3583,3126 3583,3126 3583,3138 3581,3140 3580,3140 3579,3141 3576,3141 3575,3142 3567,3142 3566,3141 3565,3141 3564,3139 3564,3138 3562,3136 3562,3135 3561,3134 3561,3133 3560,3132 3560,3125 3559,3125 3406,3124 3406,3125 3406,3126 3405,3126 3381,3126 3381,3127 3381,3135 3378,3137 3377,3137 3377,3138 3377,3139 3376,3139 3367,3139 3365,3141 3364,3141 3363,3140 3363,3139 3362,3138 3291,3138 3290,3137 3288,3137 3287,3136 3287,3135 3286,3134 3286,3123 3285,3122 3081,3122 3081,3122 3081,3123 3079,3125 3079,3127 3078,3128 3078,3129 3077,3130 3077,3131 3075,3133 3075,3135 3074,3136 3073,3136 3072,3137 3071,3137 3071,3137 3071,3138 3070,3139 3069,3139 3068,3140 3064,3140 3064,3139 3064,3138 3062,3136 3062,3126 3061,3126 2984,3125 2983,3124 2981,3124 2979,3122 2920,3122 2920,3123 2920,3130 2919,3130 2919,3130 2919,3122 2918,3121 2834,3121 2833,3120 2675,3120 2675,3120 2675,3129 2672,3132 2671,3132 2670,3133 2659,3133 2657,3130 2657,3119 2656,3119 2645,3119 2644,3118 2440,3117 2439,3118 2438,3118 2437,3120 2437,3121 2436,3122 2433,3124 2432,3124 2431,3125 2343,3125 2342,3126 2342,3127 2341,3128 2341,3129 2340,3130 2340,3131 2339,3132 2339,3133 2335,3137 2334,3137 2331,3140 2326,3140 2325,3141"/>
        <TextEquiv index="0">
          <Unicode>gelegen ſeye; welches die Weymariſche nicht</Unicode>
        </TextEquiv>
        <TextEquiv index="1">
          <Unicode>gelegen ſeye; welches die Weymariſche nicht</Unicode>
        </TextEquiv>
      </TextLine>
      <TextLine id="l50">
        <Coords points="1945,3253 1945,3253 1945,3245 1946,3244 1946,3217 1947,3216 1947,3190 1948,3189 1948,3169 1948,3168 1965,3168 1966,3168 1966,3160 1968,3157 1971,3157 1973,3156 1973,3155 1975,3152 1976,3152 1977,3151 1980,3151 1981,3150 1983,3150 1984,3149 2066,3149 2067,3148 2070,3148 2071,3147 2211,3148 2212,3147 2221,3147 2222,3148 2223,3148 2224,3149 2257,3149 2258,3150 2259,3150 2261,3151 2261,3165 2261,3166 2444,3166 2445,3165 2447,3165 2448,3164 2469,3164 2470,3164 2470,3159 2471,3158 2471,3157 2472,3156 2472,3154 2473,3152 2498,3152 2500,3150 2504,3150 2505,3150 2505,3149 2508,3145 2511,3145 2512,3144 2518,3144 2520,3146 2520,3148 2521,3149 2522,3149 2525,3152 2526,3152 2527,3153 2529,3153 2531,3155 2531,3164 2531,3164 2667,3165 2668,3164 2668,3160 2669,3159 2669,3158 2669,3158 2671,3158 2673,3156 2673,3155 2676,3152 2676,3151 2677,3150 2677,3149 2679,3147 2680,3147 2682,3145 2686,3145 2687,3144 2691,3144 2692,3145 2694,3145 2698,3149 2737,3149 2738,3149 2738,3150 2738,3151 2739,3151 2742,3153 2742,3154 2743,3155 2743,3166 2743,3167 2807,3167 2808,3168 2988,3168 2989,3167 2991,3167 2992,3166 3066,3167 3067,3166 3067,3159 3068,3158 3068,3154 3068,3154 3129,3154 3130,3153 3132,3154 3132,3159 3132,3160 3133,3160 3134,3161 3136,3161 3137,3161 3137,3162 3137,3163 3138,3163 3139,3164 3141,3164 3142,3165 3143,3165 3144,3166 3145,3166 3146,3167 3150,3167 3152,3169 3439,3169 3440,3169 3440,3162 3441,3160 3445,3160 3449,3156 3451,3156 3452,3155 3454,3155 3455,3154 3516,3155 3519,3152 3520,3152 3521,3151 3523,3151 3525,3149 3526,3149 3528,3147 3529,3147 3530,3146 3542,3146 3543,3145 3544,3145 3545,3146 3547,3146 3548,3147 3558,3147 3559,3147 3559,3150 3559,3151 3574,3151 3575,3152 3577,3152 3578,3153 3579,3153 3587,3160 3587,3161 3588,3162 3588,3180 3588,3181 3589,3181 3591,3182 3591,3183 3593,3185 3593,3187 3594,3188 3594,3190 3595,3191 3595,3208 3595,3209 3610,3209 3612,3211 3613,3211 3614,3212 3615,3212 3616,3212 3618,3214 3618,3216 3619,3217 3619,3225 3618,3226 3618,3227 3616,3229 3613,3229 3611,3231 3610,3231 3609,3232 3581,3232 3581,3232 3581,3238 3580,3239 3562,3239 3561,3240 3483,3239 3483,3240 3483,3249 3480,3251 3474,3251 3472,3253 3471,3253 3470,3254 3469,3253 3468,3253 3467,3252 3465,3252 3464,3251 3463,3251 3460,3248 3460,3236 3459,3235 3448,3235 3447,3234 3423,3234 3422,3233 3349,3233 3348,3232 3240,3232 3239,3231 3029,3230 3029,3231 3029,3232 3027,3233 2715,3233 2714,3232 2713,3232 2712,3231 2711,3231 2710,3229 2710,3228 2709,3228 2550,3227 2550,3228 2550,3230 2549,3230 2498,3230 2498,3231 2498,3241 2497,3242 2497,3243 2495,3244 2494,3244 2492,3246 2491,3246 2490,3247 2487,3247 2486,3246 2486,3232 2485,3231 2462,3231 2461,3230 2294,3230 2292,3232 2290,3232 2289,3233 2288,3232 2250,3232 2249,3231 2107,3230 2106,3231 1999,3231 1999,3232 1999,3247 1995,3250 1994,3250 1993,3251 1990,3251 1988,3253"/>
        <TextEquiv index="0">
          <Unicode>haben übermeiſtern können; wie dann auch G.</Unicode>
        </TextEquiv>
        <TextEquiv index="1">
          <Unicode>haben übermeiſtern können; wie dann auch G.</Unicode>
        </TextEquiv>
      </TextLine>
      <TextLine id="l51">
        <Coords points="1942,3366 1941,3366 1942,3327 1943,3326 1943,3299 1944,3298 1944,3272 1945,3271 1945,3254 1945,3253 1947,3253 1948,3254 1948,3257 1948,3257 2023,3257 2024,3258 2025,3258 2026,3259 2028,3259 2029,3260 2031,3260 2032,3261 2032,3277 2032,3277 2169,3278 2170,3277 2170,3275 2171,3274 2171,3271 2176,3266 2177,3266 2180,3263 2182,3263 2183,3262 2184,3262 2185,3261 2209,3261 2210,3260 2244,3260 2245,3259 2298,3259 2299,3258 2301,3260 2302,3260 2303,3261 2305,3261 2306,3262 2347,3262 2349,3264 2349,3265 2349,3265 2544,3265 2549,3260 2550,3260 2552,3258 2553,3258 2556,3255 2557,3255 2558,3254 2560,3254 2561,3253 2595,3254 2596,3253 2636,3253 2637,3254 2643,3254 2644,3255 2645,3255 2647,3257 2650,3257 2654,3260 2654,3261 2655,3262 2655,3263 2657,3265 2657,3266 2658,3267 2658,3268 2662,3272 2662,3273 2665,3276 2665,3277 2665,3278 2915,3278 2916,3278 2916,3267 2916,3266 2917,3266 2919,3264 2936,3264 2939,3261 2940,3261 2943,3258 2944,3258 2945,3257 2946,3257 2947,3256 2952,3256 2953,3257 2954,3257 2955,3258 2960,3258 2962,3260 3144,3261 3146,3259 3146,3258 3147,3257 3148,3257 3149,3256 3151,3256 3152,3255 3156,3255 3157,3254 3166,3254 3168,3252 3174,3252 3175,3253 3187,3253 3189,3254 3189,3255 3189,3256 3204,3256 3205,3257 3206,3257 3208,3258 3208,3259 3208,3260 3279,3260 3280,3261 3338,3261 3340,3263 3445,3263 3446,3264 3447,3264 3448,3265 3448,3266 3449,3267 3450,3267 3452,3269 3452,3274 3452,3274 3606,3275 3607,3274 3607,3273 3608,3272 3612,3272 3613,3271 3613,3270 3614,3269 3617,3269 3619,3270 3619,3271 3620,3272 3620,3273 3621,3274 3620,3344 3621,3345 3630,3345 3630,3345 3630,3347 3631,3348 3631,3349 3630,3350 3630,3356 3630,3357 3629,3357 3628,3356 3628,3350 3628,3350 3594,3350 3593,3350 3593,3353 3592,3355 3463,3354 3461,3356 3461,3358 3460,3359 3460,3360 3460,3360 3456,3360 3455,3361 3454,3361 3453,3362 3352,3362 3351,3363 3350,3363 3349,3364 3347,3364 3346,3364 3346,3363 3345,3361 3342,3361 3341,3360 3269,3360 3268,3359 3267,3359 3264,3357 3264,3355 3263,3354 3263,3348 3263,3347 3174,3347 3172,3345 3168,3345 3167,3344 3031,3344 3030,3344 3030,3353 3029,3354 3029,3355 3028,3356 3028,3357 3025,3360 3025,3362 3025,3362 3024,3362 3023,3363 3023,3364 3023,3364 3021,3364 3020,3363 3018,3363 3017,3362 2933,3362 2930,3360 2930,3359 2929,3358 2929,3346 2929,3345 2730,3345 2729,3345 2729,3346 2728,3347 2728,3349 2727,3351 2725,3351 2723,3352 2723,3354 2722,3355 2722,3356 2718,3360 2718,3363 2718,3364 2715,3364 2712,3361 2707,3361 2705,3359 2705,3345 2705,3345 2629,3345 2627,3343 2389,3342 2387,3344 2387,3345 2387,3345 2298,3345 2297,3346 2296,3346 2294,3348 2292,3348 2290,3349 2290,3350 2289,3351 2289,3352 2287,3355 2282,3355 2281,3355 2281,3356 2280,3357 2280,3358 2279,3359 2279,3362 2277,3365 2276,3365 2275,3364 2274,3364 2271,3361 2271,3360 2271,3360 2112,3359 2111,3360 2111,3361 2110,3362 2103,3362 2102,3363 2099,3363 2098,3362 2097,3362 2096,3361 2093,3361 2092,3360 2091,3360 2084,3354 2084,3349 2084,3348 1945,3348 1944,3349 1944,3353 1943,3354 1943,3366 1943,3366"/>
        <TextEquiv index="0">
          <Unicode>Engelſüß in den Weymariſchen Geſchichten /</Unicode>
        </TextEquiv>
        <TextEquiv index="1">
          <Unicode>Engelſüß in den Weymariſchen Geſchichten /</Unicode>
        </TextEquiv>
      </TextLine>
      <TextLine id="l52">
        <Coords points="3401,3482 3401,3467 3401,3466 3349,3466 3348,3466 3348,3465 3348,3464 3347,3463 3346,3463 3345,3463 3345,3456 3345,3455 3313,3455 3312,3454 3185,3454 3184,3455 3183,3455 3181,3456 3181,3460 3181,3461 3178,3461 3177,3461 3177,3462 3175,3465 3173,3465 3172,3466 3170,3466 3169,3467 3166,3467 3165,3468 3164,3468 3163,3469 3159,3469 3158,3470 3154,3470 3153,3469 3150,3469 3149,3468 3148,3468 3147,3467 3146,3467 3144,3465 3144,3464 3144,3464 3143,3464 3138,3459 3138,3456 3136,3454 2980,3453 2977,3456 2974,3456 2973,3457 2972,3457 2971,3458 2971,3459 2967,3463 2961,3463 2959,3465 2959,3470 2958,3471 2958,3473 2958,3473 2952,3473 2951,3473 2951,3472 2950,3471 2950,3470 2950,3469 2864,3469 2863,3469 2863,3456 2863,3455 2805,3455 2804,3456 2804,3457 2804,3457 2803,3457 2802,3458 2801,3459 2801,3460 2800,3461 2687,3461 2684,3463 2684,3466 2684,3467 2683,3467 2680,3469 2680,3470 2679,3472 2674,3472 2673,3471 2670,3471 2667,3468 2664,3468 2663,3467 2663,3464 2662,3463 2662,3455 2662,3455 2653,3455 2651,3453 2496,3452 2495,3453 2456,3453 2455,3454 2455,3455 2454,3456 2453,3457 2452,3457 2451,3458 2413,3458 2411,3460 2410,3460 2409,3461 2408,3461 2407,3462 2406,3462 2404,3464 2403,3464 2401,3466 2400,3466 2399,3467 2365,3467 2364,3468 2363,3468 2362,3469 2361,3469 2360,3470 2358,3470 2357,3471 2356,3471 2355,3472 2242,3472 2241,3473 2238,3473 2237,3474 2236,3474 2235,3473 2123,3473 2122,3472 2119,3472 2118,3471 1942,3470 1941,3471 1941,3472 1940,3473 1940,3478 1940,3478 1938,3478 1937,3478 1937,3463 1938,3462 1938,3436 1939,3435 1939,3409 1940,3408 1940,3381 1941,3380 1941,3367 1942,3366 1943,3366 1944,3368 1944,3369 1945,3369 2074,3369 2074,3369 2074,3366 2075,3365 2076,3365 2077,3366 2133,3367 2134,3368 2136,3368 2140,3372 2236,3372 2237,3373 2241,3373 2242,3374 2242,3375 2244,3377 2244,3391 2245,3392 2319,3392 2320,3393 2321,3393 2324,3396 2324,3397 2325,3398 2478,3398 2478,3398 2478,3382 2479,3381 2479,3380 2480,3379 2482,3379 2488,3373 2489,3373 2491,3371 2494,3371 2495,3370 2497,3370 2498,3369 2505,3369 2506,3370 2507,3370 2508,3371 2667,3372 2667,3372 2667,3373 2668,3374 2669,3374 2670,3375 2670,3376 2672,3378 2672,3383 2673,3384 2826,3384 2828,3382 2829,3382 2831,3380 2865,3380 2866,3379 2866,3377 2870,3373 2970,3373 2971,3372 2975,3372 2977,3370 2979,3370 2980,3369 2982,3369 2983,3370 2984,3370 2985,3371 2986,3371 2987,3373 2987,3374 2988,3374 2989,3374 2992,3378 2992,3379 2993,3379 3142,3380 3142,3379 3142,3378 3143,3377 3143,3376 3144,3376 3145,3376 3147,3374 3148,3374 3152,3370 3153,3370 3156,3367 3190,3367 3191,3368 3192,3368 3193,3369 3205,3369 3205,3369 3205,3387 3206,3388 3215,3388 3216,3389 3216,3391 3217,3392 3342,3392 3343,3391 3345,3391 3346,3390 3347,3390 3349,3388 3350,3388 3352,3386 3399,3386 3399,3386 3399,3384 3400,3383 3400,3382 3403,3379 3403,3378 3405,3376 3408,3376 3409,3375 3411,3375 3412,3374 3447,3374 3448,3373 3453,3373 3454,3372 3508,3373 3509,3372 3510,3372 3511,3373 3512,3373 3516,3377 3558,3377 3561,3380 3563,3380 3564,3381 3565,3381 3566,3382 3566,3383 3567,3384 3567,3390 3568,3391 3618,3391 3619,3392 3621,3392 3622,3393 3622,3461 3623,3462 3624,3462 3624,3462 3624,3463 3622,3466 3621,3466 3620,3466 3620,3468 3620,3469 3575,3469 3573,3470 3573,3472 3573,3473 3572,3473 3569,3476 3567,3476 3566,3475 3503,3475 3430,3474 3429,3475 3428,3475 3427,3474 3425,3474 3422,3472 3422,3471 3421,3470 3421,3467 3421,3466 3403,3466 3402,3467 3402,3482 3402,3482"/>
        <TextEquiv index="0">
          <Unicode>deß Jahrs 39. berichtet / daß der Frantzöſiſche</Unicode>
        </TextEquiv>
        <TextEquiv index="1">
          <Unicode>deß Jahrs 39. berichtet / daß der Frantzöſiſche</Unicode>
        </TextEquiv>
      </TextLine>
      <TextLine id="l53">
        <Coords points="1933,3590 1933,3590 1933,3578 1933,3573 1934,3572 1934,3545 1935,3544 1935,3518 1936,3517 1936,3491 1937,3490 1937,3479 1938,3478 2535,3479 2536,3478 2537,3478 2538,3477 2731,3478 2733,3476 2734,3476 2735,3475 2736,3475 2738,3473 2766,3473 2767,3474 2767,3476 2768,3477 2784,3477 2786,3479 3200,3480 3201,3481 3201,3490 3202,3491 3214,3491 3215,3492 3216,3492 3217,3493 3218,3493 3222,3497 3331,3497 3331,3498 3331,3504 3332,3504 3424,3504 3425,3505 3603,3506 3604,3507 3609,3507 3614,3512 3615,3512 3616,3513 3616,3517 3617,3518 3617,3520 3618,3521 3618,3534 3619,3535 3619,3573 3621,3575 3620,3576 3431,3575 3430,3577 3430,3578 3427,3581 3427,3582 3425,3583 3424,3583 3423,3584 3420,3584 3419,3585 3410,3585 3409,3584 3401,3584 3400,3583 2306,3581 2306,3581 2306,3582 2305,3583 2304,3583 2303,3584 2303,3585 2302,3586 2301,3586 2300,3587 1938,3586 1938,3587 1938,3590 1937,3590"/>
        <TextEquiv index="0">
          <Unicode>und Weymariſche General / Hertzog von</Unicode>
        </TextEquiv>
        <TextEquiv index="1">
          <Unicode>und Weymariſche General / Hertzog von</Unicode>
        </TextEquiv>
      </TextLine>
      <TextLine id="l54">
        <Coords points="3517,3728 3517,3681 3516,3681 3484,3680 3483,3681 3482,3681 3480,3683 3474,3683 3473,3684 3440,3684 3439,3686 3439,3688 3437,3689 3436,3689 3435,3688 3434,3688 3431,3685 3431,3684 3429,3682 3429,3680 3428,3679 3351,3679 3350,3678 3324,3678 3323,3677 3225,3677 3224,3678 3139,3678 3139,3678 3139,3700 3138,3701 3138,3700 3138,3678 3137,3678 3118,3678 3116,3680 3114,3680 3112,3677 3112,3676 3111,3676 3018,3675 3017,3676 2998,3676 2997,3677 2996,3677 2995,3678 2994,3678 2993,3677 2905,3677 2904,3678 2902,3678 2901,3677 2818,3677 2817,3676 2718,3676 2718,3676 2718,3685 2717,3686 2717,3687 2716,3688 2715,3688 2714,3689 2712,3689 2711,3690 2707,3690 2705,3687 2705,3675 2704,3675 2649,3675 2647,3673 2557,3672 2556,3673 2525,3673 2524,3674 2522,3674 2521,3675 2520,3675 2519,3676 2447,3676 2443,3680 2442,3680 2441,3681 2440,3681 2440,3682 2440,3683 2439,3683 2438,3683 2437,3684 2434,3684 2433,3685 2430,3685 2429,3684 2429,3671 2428,3670 2285,3670 2284,3671 2204,3671 2203,3672 2166,3672 2166,3672 2166,3680 2165,3681 2165,3682 2164,3683 2164,3685 2163,3686 2163,3687 2161,3689 2161,3690 2159,3692 2158,3692 2157,3693 2157,3694 2156,3695 2151,3695 2150,3696 2149,3696 2148,3697 2147,3697 2146,3698 2145,3698 2144,3699 2139,3699 2138,3700 2129,3700 2128,3699 2127,3699 2121,3692 2121,3691 2120,3690 2120,3689 2119,3688 2119,3669 2118,3669 1938,3668 1938,3669 1938,3692 1937,3693 1937,3697 1936,3697 1929,3697 1929,3697 1929,3682 1930,3681 1930,3655 1931,3654 1931,3627 1932,3626 1932,3600 1933,3599 1933,3591 1933,3590 1937,3590 1938,3591 1938,3592 1938,3592 1982,3592 1983,3593 1985,3593 1987,3595 1987,3619 1987,3619 2075,3619 2077,3617 2101,3617 2102,3618 2152,3619 2153,3620 2238,3620 2239,3619 2245,3619 2246,3620 2314,3620 2315,3619 2315,3598 2316,3597 2317,3597 2318,3596 2340,3596 2341,3595 2342,3595 2343,3594 2344,3594 2345,3593 2371,3593 2372,3592 2377,3592 2380,3595 2380,3611 2380,3611 2464,3611 2465,3610 2470,3610 2471,3611 2556,3611 2559,3608 2601,3609 2602,3608 2602,3606 2603,3605 2603,3603 2605,3601 2605,3600 2605,3600 2606,3600 2609,3597 2659,3597 2661,3595 2661,3594 2662,3593 2711,3593 2714,3590 2716,3590 2717,3591 2727,3591 2728,3592 2730,3592 2731,3593 2733,3593 2735,3594 2735,3609 2735,3610 2859,3610 2862,3608 2862,3607 2863,3606 2863,3605 2864,3604 2864,3603 2866,3600 2867,3600 2870,3597 2872,3597 2877,3592 2878,3592 2879,3591 2881,3591 2884,3588 2887,3588 2888,3587 2889,3587 2890,3586 2908,3586 2909,3587 2917,3587 2918,3588 2919,3588 2920,3589 3016,3589 3017,3588 3018,3588 3019,3589 3022,3589 3023,3590 3024,3590 3026,3592 3026,3593 3027,3594 3027,3596 3027,3596 3118,3597 3119,3596 3119,3595 3120,3594 3121,3594 3123,3592 3124,3592 3125,3591 3127,3591 3129,3593 3184,3593 3185,3593 3185,3594 3186,3595 3186,3597 3187,3598 3187,3599 3188,3600 3188,3612 3188,3613 3276,3613 3278,3611 3295,3611 3296,3611 3296,3595 3296,3594 3297,3594 3298,3595 3298,3612 3298,3612 3359,3612 3360,3612 3360,3603 3361,3602 3361,3601 3362,3600 3362,3599 3363,3597 3364,3597 3365,3596 3448,3596 3452,3592 3469,3592 3470,3592 3470,3591 3470,3590 3472,3590 3473,3589 3476,3589 3477,3588 3479,3588 3480,3587 3485,3587 3486,3586 3497,3587 3498,3588 3499,3588 3501,3590 3503,3590 3504,3591 3505,3591 3509,3594 3509,3596 3512,3599 3512,3603 3513,3604 3513,3605 3514,3606 3514,3607 3515,3608 3515,3610 3516,3611 3516,3612 3517,3613 3517,3614 3517,3615 3564,3615 3565,3615 3565,3617 3566,3619 3582,3619 3586,3622 3586,3623 3587,3624 3587,3627 3587,3628 3606,3628 3607,3629 3608,3629 3609,3630 3610,3630 3612,3632 3613,3632 3614,3632 3614,3633 3615,3634 3615,3636 3614,3637 3614,3652 3613,3653 3613,3659 3612,3660 3610,3660 3608,3662 3607,3662 3606,3663 3604,3663 3603,3664 3603,3665 3602,3666 3601,3666 3600,3667 3598,3667 3598,3667 3598,3668 3596,3670 3595,3670 3594,3671 3591,3671 3591,3671 3591,3673 3589,3675 3568,3675 3567,3676 3566,3676 3566,3676 3566,3677 3564,3679 3562,3679 3560,3681 3518,3681 3518,3681 3518,3728 3517,3729"/>
        <TextEquiv index="0">
          <Unicode>Longueville, vor dieſem Städtlein mit Ver⸗</Unicode>
        </TextEquiv>
        <TextEquiv index="1">
          <Unicode>Longueville, vor dieſem Städtlein mit Ver⸗</Unicode>
        </TextEquiv>
      </TextLine>
      <TextLine id="l55">
        <Coords points="1930,3809 1929,3809 1929,3789 1929,3788 1929,3698 1929,3697 1936,3697 1937,3698 1937,3701 1937,3701 2402,3702 2403,3703 2405,3703 2407,3705 2407,3707 2407,3707 2688,3708 2690,3709 2690,3712 2691,3714 2692,3714 2694,3716 2695,3716 2696,3717 2698,3717 2699,3718 2700,3718 2701,3718 2701,3719 2702,3721 2792,3721 2794,3722 2794,3726 2798,3730 2798,3731 2799,3732 2799,3742 2799,3743 2932,3743 2933,3744 2933,3751 2932,3751 2799,3751 2799,3751 2799,3753 2799,3754 2813,3754 2815,3756 2815,3758 2816,3759 2816,3761 2820,3765 2821,3765 2824,3768 2824,3774 2823,3775 2823,3776 2822,3776 2821,3776 2820,3777 2819,3777 2814,3783 2814,3784 2812,3785 2789,3785 2787,3787 2216,3786 2216,3786 2215,3791 2213,3793 2213,3794 2212,3795 2212,3797 2210,3800 2209,3800 2208,3801 2207,3801 2206,3802 2202,3802 2200,3804 2199,3804 2198,3804 2198,3805 2198,3806 2012,3805 2011,3806 2011,3809 2011,3809"/>
        <TextEquiv index="0">
          <Unicode>luſt abgetrieben worden.</Unicode>
        </TextEquiv>
        <TextEquiv index="1">
          <Unicode>luſt abgetrieben worden.</Unicode>
        </TextEquiv>
      </TextLine>
      <TextLine id="l56">
        <Coords points="1935,3942 1933,3941 1933,3934 1932,3933 1932,3917 1931,3916 1931,3900 1930,3899 1930,3894 1929,3893 1929,3810 1930,3809 1939,3809 1939,3810 1939,3826 1940,3826 3317,3829 3317,3829 3317,3811 3319,3809 3341,3809 3341,3809 3341,3800 3342,3799 3343,3801 3343,3832 3344,3832 3463,3832 3464,3833 3468,3833 3469,3834 3470,3834 3471,3835 3475,3835 3479,3840 3479,3846 3480,3846 3529,3847 3530,3848 3530,3850 3531,3851 3606,3851 3607,3852 3611,3852 3612,3853 3612,3854 3613,3855 3612,3856 3612,3870 3611,3871 3611,3877 3610,3878 3610,3908 3609,3909 3609,3910 3608,3911 3608,3913 3607,3915 3606,3915 3600,3921 3598,3921 3597,3922 3535,3922 3534,3922 3534,3930 3533,3932 3450,3931 3449,3932 3449,3934 3447,3936 3447,3937 3446,3938 2614,3937 2613,3938 1945,3936 1944,3937 1944,3942 1944,3942"/>
        <TextEquiv index="0">
          <Unicode>Uber dieſe erzehlte Trieriſche Ort / ſetzet</Unicode>
        </TextEquiv>
        <TextEquiv index="1">
          <Unicode>Uber dieſe erzehlte Trieriſche Ort / ſetzet</Unicode>
        </TextEquiv>
      </TextLine>
      <TextLine id="l57">
        <Coords points="3601,4054 3600,4053 3587,4053 3587,4052 3587,4049 3584,4047 3583,4047 3582,4046 3516,4046 3515,4045 3509,4045 3509,4044 3509,4038 3508,4037 3508,4033 3507,4033 3448,4032 3447,4031 3398,4031 3398,4032 3398,4049 3397,4049 3397,4049 3397,4032 3396,4031 3380,4031 3322,4031 3321,4033 3321,4047 3320,4047 3318,4047 3318,4047 3318,4034 3316,4032 3308,4032 3307,4031 3282,4031 3282,4032 3282,4043 3281,4043 3185,4043 3183,4045 3178,4045 3176,4043 3035,4043 3030,4048 3004,4047 3003,4048 3000,4048 2997,4045 2893,4045 2892,4044 2892,4041 2890,4039 2869,4039 2869,4040 2869,4046 2867,4047 2863,4047 2863,4047 2863,4040 2862,4039 2681,4039 2680,4040 2678,4040 2676,4042 2671,4042 2670,4043 2663,4043 2662,4042 2661,4042 2660,4040 2660,4035 2659,4034 2659,4031 2658,4031 2649,4031 2646,4028 2592,4028 2591,4027 2480,4026 2480,4027 2480,4037 2478,4039 2478,4040 2477,4040 2471,4046 2470,4046 2468,4048 2463,4048 2462,4047 2461,4047 2461,4047 2461,4046 2456,4041 2456,4030 2455,4029 2442,4029 2441,4028 2293,4028 2293,4028 2293,4037 2289,4041 2289,4042 2286,4045 2285,4045 2283,4047 2278,4047 2276,4045 2275,4045 2274,4044 2273,4044 2270,4040 2270,4028 2269,4028 2257,4028 2257,4027 2257,4026 2256,4026 2220,4026 2106,4025 2106,4026 2106,4027 2105,4027 2104,4026 1944,4026 1943,4028 1943,4046 1942,4047 1942,4050 1941,4050 1932,4050 1932,4050 1932,4025 1931,4024 1931,4019 1932,4018 1932,4007 1933,4006 1933,3961 1932,3960 1932,3955 1933,3954 1933,3945 1934,3944 1934,3943 1935,3942 1944,3942 1944,3943 1944,3945 1945,3946 1945,3965 1946,3965 2251,3966 2251,3965 2251,3956 2252,3955 2252,3953 2254,3952 2258,3952 2264,3946 2269,3946 2270,3945 2275,3945 2275,3945 2275,3946 2277,3948 2278,3948 2279,3949 2279,3950 2280,3951 2280,3964 2281,3965 2435,3965 2435,3965 2435,3955 2438,3952 2443,3952 2443,3952 2443,3951 2445,3949 2446,3949 2449,3946 2451,3946 2452,3945 2576,3946 2577,3945 2581,3945 2582,3946 2767,3946 2768,3945 2771,3945 2772,3944 2774,3944 2775,3943 2777,3943 2778,3942 2795,3942 2796,3943 2802,3943 2803,3944 2827,3944 2828,3945 2829,3945 2830,3946 3013,3946 3014,3945 3017,3945 3020,3942 3050,3943 3051,3944 3052,3944 3053,3945 3054,3945 3054,3945 3054,3946 3057,3949 3057,3956 3058,3957 3179,3957 3179,3956 3179,3954 3181,3953 3182,3953 3185,3950 3186,3950 3188,3948 3189,3948 3190,3947 3192,3947 3193,3946 3270,3946 3272,3944 3274,3944 3275,3943 3276,3943 3277,3942 3279,3942 3280,3941 3281,3941 3282,3942 3303,3942 3304,3943 3305,3943 3306,3944 3342,3944 3345,3948 3345,3949 3346,3949 3400,3949 3401,3950 3518,3951 3519,3950 3520,3950 3521,3949 3523,3949 3524,3948 3528,3948 3529,3949 3531,3949 3532,3950 3533,3950 3534,3951 3586,3951 3588,3953 3589,3953 3592,3956 3592,3970 3593,3971 3599,3971 3599,3971 3599,3975 3600,3976 3600,3978 3601,3979 3601,3980 3603,3982 3604,3982 3604,3982 3604,3983 3607,3986 3607,3987 3608,3988 3608,3989 3609,3990 3609,3994 3611,3996 3611,4000 3612,4001 3612,4007 3611,4008 3611,4039 3612,4040 3611,4041 3611,4046 3609,4048 3608,4048 3608,4048 3608,4050 3605,4053 3604,4053 3603,4054"/>
        <TextEquiv index="0">
          <Unicode>man auch noch etliche Schlöſſer / ſo Trieriſch</Unicode>
        </TextEquiv>
        <TextEquiv index="1">
          <Unicode>man auch noch etliche Schlöſſer / ſo Trieriſch</Unicode>
        </TextEquiv>
      </TextLine>
      <TextLine id="l58">
        <Coords points="1931,4051 3671,4054 3671,4165 1931,4162"/>
        <TextEquiv index="0">
          <Unicode>ſeyn ſollen / deren guten Theils oben in Be⸗</Unicode>
        </TextEquiv>
        <TextEquiv index="1">
          <Unicode>ſeyn ſollen / deren guten Theils oben in Be⸗</Unicode>
        </TextEquiv>
      </TextLine>
      <TextLine id="l59">
        <Coords points="3217,4277 3216,4276 3216,4273 3216,4273 2768,4272 2766,4270 2764,4270 2763,4269 2763,4267 2763,4267 2322,4266 2321,4267 2316,4267 2315,4268 2312,4268 2310,4270 2301,4270 2300,4269 2299,4269 2298,4268 2034,4267 2033,4266 2032,4266 2030,4264 1959,4264 1956,4262 1956,4258 1955,4257 1956,4247 1955,4246 1955,4233 1954,4232 1954,4224 1953,4223 1928,4223 1928,4223 1928,4221 1928,4220 1953,4220 1954,4220 1954,4208 1955,4207 1955,4199 1956,4198 1956,4188 1957,4187 1957,4183 1958,4182 1958,4181 1959,4180 1959,4178 1960,4177 1960,4176 1961,4175 1961,4174 1962,4173 1962,4172 1963,4170 1965,4170 1967,4168 1968,4168 1969,4167 1970,4167 1971,4166 1977,4166 1978,4165 1979,4165 1980,4164 2617,4166 2618,4165 2628,4165 2629,4164 2642,4164 2643,4163 2655,4163 2656,4164 2902,4164 2903,4165 2905,4165 2908,4168 2908,4169 2908,4169 3215,4170 3216,4171 3386,4171 3387,4172 3387,4174 3387,4174 3564,4175 3565,4175 3565,4180 3565,4181 3612,4181 3614,4182 3614,4183 3615,4184 3615,4186 3616,4187 3616,4188 3617,4189 3617,4190 3616,4191 3616,4199 3615,4200 3615,4202 3614,4203 3614,4205 3613,4206 3612,4206 3611,4207 3611,4208 3610,4209 3610,4212 3608,4214 3607,4214 3605,4216 3605,4220 3604,4221 3604,4222 3601,4225 3600,4273 3598,4276 3596,4276 3595,4277 3336,4276 3335,4277"/>
        <TextEquiv index="0">
          <Unicode>ſchreibung dieſes Ertzſtiffts gedacht worden /</Unicode>
        </TextEquiv>
        <TextEquiv index="1">
          <Unicode>ſchreibung dieſes Ertzſtiffts gedacht worden /</Unicode>
        </TextEquiv>
      </TextLine>
      <TextLine id="l60">
        <Coords points="3593,4389 3592,4388 3539,4388 3538,4387 3128,4386 3127,4385 3127,4382 3127,4382 2691,4381 2690,4380 2685,4380 2684,4379 2431,4378 2430,4377 2429,4377 2426,4375 2426,4371 2425,4370 2425,4369 2425,4368 1929,4367 1928,4367 1928,4356 1929,4355 1940,4355 1940,4355 1940,4290 1941,4289 1997,4289 2004,4282 2004,4281 2005,4280 2006,4280 2008,4278 2009,4278 2010,4277 2119,4278 2120,4277 2123,4277 2125,4275 2127,4275 2128,4274 2134,4274 2135,4273 2600,4274 2601,4275 3475,4276 3476,4278 3476,4279 3477,4279 3482,4279 3483,4280 3485,4280 3487,4283 3487,4292 3488,4293 3592,4293 3592,4293 3592,4300 3593,4301 3594,4301 3595,4302 3596,4302 3596,4302 3596,4303 3597,4304 3602,4304 3602,4304 3602,4310 3603,4311 3608,4311 3612,4315 3612,4320 3611,4321 3611,4327 3610,4328 3610,4340 3609,4341 3609,4344 3608,4345 3608,4347 3606,4350 3602,4350 3601,4351 3600,4351 3599,4352 3598,4352 3595,4354 3595,4388 3595,4389"/>
        <TextEquiv index="0">
          <Unicode>als: Arr / Biſchoffsſtein / Baldenſtein / Cop⸗</Unicode>
        </TextEquiv>
        <TextEquiv index="1">
          <Unicode>als: Arr / Biſchoffsſtein / Baldenſtein / Cop⸗</Unicode>
        </TextEquiv>
      </TextLine>
      <TextLine id="l61">
        <Coords points="3343,4496 3342,4495 3340,4495 3339,4494 1954,4491 1954,4491 1954,4490 1953,4489 1953,4487 1952,4486 1952,4462 1951,4460 1950,4460 1948,4459 1948,4455 1949,4454 1949,4418 1950,4417 1950,4416 1951,4415 1951,4414 1953,4412 1955,4412 1955,4412 1955,4411 1957,4409 1957,4403 1958,4402 2034,4402 2034,4402 2034,4391 2035,4390 2099,4390 2100,4389 2101,4389 2102,4388 2112,4388 2113,4388 2114,4388 2115,4387 2125,4387 2125,4386 2125,4386 1929,4385 1928,4385 1929,4384 2473,4385 2474,4384 2478,4384 2480,4382 2487,4382 2488,4381 2494,4381 2495,4382 2499,4382 2500,4383 2503,4383 2505,4385 3133,4387 3134,4388 3595,4389 3596,4390 3596,4399 3597,4400 3607,4400 3608,4401 3608,4402 3610,4404 3610,4412 3609,4413 3609,4419 3608,4421 3607,4421 3603,4424 3603,4425 3602,4426 3602,4428 3600,4430 3600,4434 3599,4435 3599,4439 3598,4440 3598,4442 3598,4443 3597,4443 3595,4444 3595,4449 3594,4451 3591,4451 3589,4452 3589,4453 3587,4455 3587,4459 3583,4463 3583,4465 3582,4466 3582,4471 3581,4472 3581,4473 3580,4474 3580,4477 3578,4479 3578,4481 3576,4483 3560,4483 3560,4483 3560,4484 3559,4485 3559,4486 3558,4487 3558,4488 3554,4492 3549,4492 3548,4493 3547,4493 3545,4495 3543,4495 3542,4496 3541,4496 3540,4497"/>
        <TextEquiv index="0">
          <Unicode>pa / Coverna / Dune / Eberſtein / Freudenberg /</Unicode>
        </TextEquiv>
        <TextEquiv index="1">
          <Unicode>pa / Coverna / Dune / Eberſtein / Freudenberg /</Unicode>
        </TextEquiv>
      </TextLine>
      <TextLine id="l62">
        <Coords points="1949,4494 3609,4497 3609,4608 1949,4605"/>
        <TextEquiv index="0">
          <Unicode>Freudenſtein / Grimburg / Hunolſtein (davon</Unicode>
        </TextEquiv>
        <TextEquiv index="1">
          <Unicode>Freudenſtein / Grimburg / Hunolſtein (davon</Unicode>
        </TextEquiv>
      </TextLine>
      <TextLine id="l63">
        <Coords points="3322,4720 3322,4718 3322,4717 2599,4716 2598,4715 2598,4714 2598,4714 2188,4713 2185,4710 2182,4710 2181,4709 2181,4708 2180,4707 2181,4705 2179,4703 2179,4695 2178,4695 2086,4694 2085,4693 1954,4693 1952,4691 1952,4690 1949,4687 1949,4685 1948,4684 1948,4682 1947,4681 1947,4642 1949,4639 1950,4639 1951,4638 1952,4638 1958,4632 1962,4632 1963,4632 1963,4622 1964,4621 1964,4620 1965,4619 1965,4617 1966,4615 2173,4616 2174,4615 2175,4615 2176,4614 2180,4614 2181,4613 2181,4612 2181,4612 2182,4612 2183,4611 2184,4611 2185,4610 2371,4610 2372,4609 2889,4610 2890,4609 2896,4609 2899,4612 3119,4613 3120,4614 3199,4614 3200,4614 3200,4625 3200,4626 3475,4626 3476,4627 3476,4629 3477,4630 3477,4631 3477,4631 3480,4631 3481,4632 3481,4634 3481,4634 3489,4635 3490,4635 3490,4643 3490,4644 3521,4644 3522,4645 3567,4645 3568,4645 3568,4646 3569,4647 3569,4651 3570,4652 3570,4671 3570,4672 3592,4672 3593,4673 3594,4673 3595,4674 3596,4674 3597,4675 3600,4675 3602,4676 3602,4678 3605,4681 3605,4685 3604,4686 3604,4687 3602,4689 3600,4689 3596,4693 3594,4693 3593,4694 3570,4694 3570,4694 3569,4711 3567,4714 3486,4713 3485,4714 3485,4716 3485,4716 3324,4716 3323,4717 3323,4720 3323,4720"/>
        <TextEquiv index="0">
          <Unicode>in der Herbſt⸗Relation deß vergangenen 1674.</Unicode>
        </TextEquiv>
        <TextEquiv index="1">
          <Unicode>in der Herbſt⸗Relation deß vergangenen 1674.</Unicode>
        </TextEquiv>
      </TextLine>
      <TextLine id="l64">
        <Coords points="2075,4829 2074,4828 2072,4828 2070,4827 2070,4826 2068,4824 2068,4809 2068,4808 2004,4808 2003,4809 2003,4810 2002,4811 2002,4812 1997,4817 1995,4817 1992,4820 1992,4821 1991,4822 1989,4822 1988,4823 1986,4823 1985,4824 1981,4824 1979,4826 1978,4826 1977,4827 1974,4827 1973,4826 1971,4826 1970,4825 1967,4825 1966,4824 1945,4824 1944,4824 1944,4821 1943,4820 1943,4818 1944,4817 1944,4816 1952,4808 1953,4808 1954,4807 1955,4807 1956,4806 1957,4806 1958,4805 1986,4805 1986,4805 1986,4753 1986,4752 1959,4752 1954,4747 1953,4747 1950,4745 1950,4741 1949,4740 1949,4737 1950,4736 1950,4731 1951,4730 1951,4729 1952,4728 1952,4725 1956,4721 1958,4721 1959,4720 1962,4720 1963,4719 1970,4719 1971,4718 1972,4718 1974,4720 1975,4720 1976,4721 1982,4721 1983,4722 1985,4722 1986,4723 1987,4723 1989,4725 2010,4725 2012,4728 2012,4738 2013,4738 2014,4738 2016,4741 2016,4742 2017,4743 2017,4745 2018,4745 2024,4745 2025,4746 2062,4746 2062,4746 2062,4733 2063,4732 2070,4732 2070,4732 2070,4730 2071,4729 2072,4729 2075,4726 2084,4726 2087,4729 2090,4729 2091,4731 2091,4743 2092,4743 2115,4744 2117,4746 2163,4746 2164,4745 2167,4745 2168,4746 2169,4746 2171,4748 2171,4749 2172,4750 2211,4750 2212,4751 2256,4751 2258,4749 2263,4749 2264,4748 2266,4748 2267,4747 2269,4747 2270,4748 2312,4748 2313,4749 2317,4749 2319,4751 2330,4751 2332,4753 2332,4754 2333,4755 2333,4778 2334,4779 2347,4779 2349,4781 2362,4781 2362,4781 2362,4737 2363,4736 2363,4737 2363,4781 2364,4781 2388,4781 2388,4781 2388,4780 2389,4779 2389,4778 2395,4772 2395,4771 2400,4766 2400,4765 2401,4764 2401,4763 2405,4759 2405,4758 2407,4756 2409,4756 2410,4755 2438,4755 2440,4753 2441,4753 2442,4752 2449,4752 2450,4751 2452,4751 2453,4752 2470,4752 2473,4756 2473,4780 2474,4780 2516,4780 2516,4780 2516,4766 2517,4765 2517,4761 2518,4760 2518,4754 2519,4753 2519,4751 2520,4750 2520,4748 2521,4747 2521,4746 2522,4745 2522,4744 2523,4743 2523,4740 2527,4736 2527,4735 2529,4733 2529,4732 2532,4729 2533,4729 2534,4728 2536,4728 2538,4726 2540,4726 2541,4725 2542,4725 2543,4724 2544,4724 2545,4723 2546,4723 2547,4722 2553,4722 2554,4723 2555,4723 2555,4724 2555,4725 2560,4729 2564,4729 2566,4731 2610,4732 2612,4729 2612,4728 2614,4727 2616,4727 2618,4725 2623,4725 2624,4724 2627,4724 2629,4726 2632,4726 2633,4727 2633,4732 2634,4733 2634,4745 2635,4746 2666,4746 2667,4745 2690,4745 2694,4741 2695,4741 2696,4740 2697,4740 2698,4739 2700,4739 2702,4737 2703,4738 2705,4738 2706,4739 2706,4740 2707,4741 2746,4741 2746,4740 2746,4738 2747,4737 2747,4735 2748,4734 2748,4733 2750,4732 2751,4732 2754,4729 2755,4729 2757,4727 2759,4727 2759,4727 2759,4732 2762,4735 2763,4735 2765,4737 2766,4737 2767,4738 2768,4738 2769,4739 2770,4739 2771,4740 2773,4740 2776,4743 2836,4743 2836,4743 2836,4741 2837,4740 2838,4740 2839,4739 2839,4737 2840,4736 2840,4734 2841,4733 2841,4732 2842,4731 2842,4730 2845,4727 2846,4727 2851,4722 2854,4722 2855,4721 2857,4721 2858,4720 2860,4720 2861,4721 2864,4721 2866,4723 2870,4723 2870,4724 2870,4725 2871,4726 2871,4727 2872,4727 2906,4727 2907,4729 2907,4741 2908,4741 2973,4741 2973,4741 2973,4738 2974,4737 2974,4734 2975,4733 2975,4732 2976,4731 2976,4730 2978,4728 2980,4728 2981,4727 2982,4727 2983,4729 2983,4731 2984,4731 2987,4731 2988,4733 2988,4735 2991,4737 2993,4737 2995,4739 2997,4739 3000,4742 3032,4743 3032,4742 3032,4728 3034,4727 3038,4727 3039,4728 3040,4728 3040,4728 3040,4735 3041,4736 3093,4736 3093,4735 3093,4734 3095,4732 3095,4731 3096,4730 3096,4729 3097,4729 3099,4729 3102,4725 3102,4724 3103,4724 3105,4724 3108,4721 3110,4721 3111,4720 3114,4720 3115,4719 3126,4719 3127,4718 3138,4718 3141,4721 3142,4721 3143,4722 3143,4723 3145,4725 3149,4725 3150,4726 3151,4726 3153,4728 3153,4741 3154,4742 3170,4742 3171,4743 3193,4743 3193,4743 3193,4744 3194,4745 3247,4745 3248,4744 3249,4744 3250,4745 3251,4745 3252,4746 3299,4746 3299,4746 3299,4744 3300,4743 3301,4743 3303,4741 3305,4741 3307,4739 3315,4739 3315,4739 3315,4734 3316,4733 3316,4734 3316,4747 3317,4747 3350,4747 3351,4746 3353,4746 3353,4746 3353,4742 3354,4741 3380,4741 3381,4740 3381,4738 3382,4737 3382,4735 3383,4734 3383,4733 3386,4730 3386,4729 3388,4727 3388,4726 3389,4725 3390,4725 3391,4724 3392,4724 3393,4723 3397,4723 3398,4722 3399,4722 3400,4723 3410,4723 3412,4726 3412,4727 3413,4728 3413,4729 3414,4730 3414,4746 3415,4746 3462,4746 3462,4746 3462,4745 3463,4744 3500,4745 3500,4744 3500,4738 3501,4737 3501,4736 3502,4736 3504,4736 3505,4734 3505,4733 3510,4729 3511,4729 3512,4728 3518,4728 3520,4726 3522,4728 3524,4728 3526,4730 3527,4730 3527,4730 3527,4747 3528,4748 3568,4748 3569,4747 3570,4747 3572,4749 3573,4749 3574,4750 3574,4752 3575,4753 3607,4753 3607,4753 3607,4754 3608,4755 3608,4756 3609,4757 3609,4758 3610,4759 3610,4767 3611,4768 3611,4769 3610,4770 3610,4781 3609,4782 3609,4783 3609,4784 3608,4784 3607,4784 3607,4790 3605,4792 3605,4793 3604,4795 3600,4795 3599,4796 3598,4796 3597,4796 3597,4797 3596,4799 3595,4799 3594,4800 3593,4800 3592,4801 3591,4801 3589,4802 3589,4803 3588,4805 3587,4805 3586,4806 3581,4806 3580,4807 3562,4807 3560,4808 3560,4809 3560,4810 3559,4810 3557,4811 3557,4812 3556,4814 3555,4814 3554,4815 3553,4815 3552,4814 3551,4813 3551,4812 3551,4812 3515,4812 3514,4811 3509,4811 3475,4810 3474,4811 3471,4811 3468,4808 3398,4808 3397,4809 3397,4825 3397,4825 3388,4825 3387,4824 3385,4824 3384,4824 3384,4823 3383,4822 3383,4819 3382,4818 3382,4806 3382,4805 3319,4805 3318,4806 3318,4818 3317,4819 3308,4819 3307,4818 3305,4818 3303,4817 3303,4810 3303,4809 3270,4809 3267,4806 3203,4806 3201,4804 3144,4804 3141,4806 3141,4807 3140,4808 3140,4809 3138,4812 3137,4812 3135,4814 3134,4814 3130,4818 3129,4818 3127,4820 3126,4820 3125,4821 3115,4821 3114,4820 3113,4820 3112,4819 3106,4819 3105,4818 3104,4818 3103,4817 3101,4817 3098,4814 3098,4813 3095,4810 3095,4809 3093,4807 3093,4806 3092,4805 3028,4804 3027,4805 3026,4805 3025,4806 3022,4806 3021,4806 3021,4805 3020,4803 2985,4803 2982,4800 2942,4800 2939,4803 2937,4803 2936,4804 2934,4804 2933,4805 2932,4805 2931,4804 2861,4804 2859,4806 2858,4806 2857,4807 2856,4807 2855,4808 2853,4810 2853,4811 2852,4812 2852,4813 2852,4813 2851,4813 2850,4814 2845,4814 2839,4820 2839,4822 2839,4822 2837,4822 2836,4823 2834,4822 2834,4820 2832,4818 2832,4805 2832,4804 2818,4804 2817,4803 2813,4803 2760,4803 2759,4804 2757,4804 2755,4802 2715,4802 2714,4802 2714,4803 2712,4805 2712,4808 2712,4809 2709,4809 2707,4807 2707,4805 2707,4805 2638,4805 2637,4805 2637,4820 2636,4821 2636,4822 2635,4823 2635,4824 2634,4826 2631,4826 2630,4827 2629,4827 2628,4828 2612,4828 2609,4825 2608,4825 2607,4824 2607,4805 2606,4804 2554,4803 2550,4807 2531,4807 2529,4809 2529,4818 2528,4819 2528,4822 2527,4823 2527,4825 2526,4826 2521,4826 2518,4824 2518,4797 2518,4796 2457,4796 2455,4798 2455,4799 2453,4801 2453,4806 2449,4810 2449,4811 2448,4812 2448,4813 2447,4814 2447,4817 2446,4818 2446,4819 2445,4820 2445,4821 2445,4821 2441,4821 2440,4822 2413,4822 2410,4825 2408,4825 2405,4823 2405,4822 2404,4821 2404,4820 2403,4819 2403,4805 2402,4803 2398,4803 2397,4802 2384,4802 2383,4801 2382,4801 2379,4798 2358,4798 2357,4799 2357,4829 2357,4829 2355,4829 2354,4829 2354,4799 2354,4798 2329,4798 2328,4798 2328,4811 2326,4813 2326,4814 2325,4815 2325,4816 2324,4817 2324,4818 2323,4819 2323,4820 2320,4823 2320,4824 2319,4826 2318,4827 2317,4827 2316,4826 2291,4826 2290,4825 2289,4825 2285,4821 2285,4819 2284,4818 2284,4817 2283,4816 2283,4797 2283,4797 2270,4797 2269,4796 2216,4796 2215,4797 2208,4797 2207,4797 2207,4803 2206,4804 2206,4821 2206,4822 2203,4822 2201,4824 2200,4824 2195,4819 2195,4802 2195,4802 2158,4802 2157,4803 2156,4803 2155,4804 2154,4804 2153,4805 2117,4805 2116,4806 2094,4805 2093,4806 2093,4824 2091,4826 2091,4827 2089,4829"/>
        <TextEquiv index="0">
          <Unicode>Jahrs pag. 47. ſtehet / daß es die Frantzoſen be⸗</Unicode>
        </TextEquiv>
        <TextEquiv index="1">
          <Unicode>Jahrs pag. 47. ſtehet / daß es die Frantzoſen be⸗</Unicode>
        </TextEquiv>
      </TextLine>
      <TextLine id="l65">
        <Coords points="3108,4941 3108,4940 3108,4937 3107,4937 2931,4936 2931,4935 2796,4935 2795,4934 2134,4933 2131,4935 1951,4934 1947,4931 1947,4929 1946,4928 1946,4905 1945,4904 1945,4903 1944,4902 1944,4896 1943,4895 1943,4877 1944,4876 1944,4870 1945,4869 1945,4858 1947,4856 1947,4853 1948,4852 1948,4850 1950,4848 1950,4845 1953,4842 1957,4842 1957,4842 1957,4839 1958,4838 1959,4838 1960,4837 1961,4837 1962,4836 2130,4837 2131,4835 2131,4834 2132,4834 2211,4834 2213,4832 2215,4832 2216,4831 2218,4831 2219,4830 2220,4830 2221,4829 2225,4829 2226,4828 2291,4828 2291,4827 2291,4826 2292,4826 2316,4826 2316,4826 2316,4827 2317,4828 2352,4828 2353,4829 2362,4829 2364,4831 3087,4833 3088,4832 3091,4832 3092,4831 3100,4831 3100,4830 3100,4829 3102,4828 3105,4828 3106,4827 3107,4827 3108,4828 3121,4828 3122,4829 3123,4829 3124,4830 3359,4830 3360,4831 3364,4831 3369,4836 3409,4836 3409,4837 3409,4842 3410,4842 3438,4842 3438,4843 3438,4845 3439,4845 3441,4845 3441,4846 3441,4856 3442,4856 3505,4857 3507,4859 3527,4859 3528,4860 3567,4860 3567,4860 3567,4861 3568,4862 3568,4863 3570,4865 3570,4867 3571,4868 3599,4868 3600,4869 3603,4869 3603,4869 3603,4870 3604,4871 3604,4874 3605,4875 3605,4879 3606,4880 3604,4882 3604,4897 3603,4898 3603,4902 3603,4903 3602,4903 3601,4904 3600,4904 3599,4904 3599,4905 3598,4907 3593,4907 3590,4910 3589,4910 3588,4910 3586,4912 3586,4913 3586,4914 3582,4914 3580,4916 3561,4916 3559,4918 3557,4918 3556,4919 3555,4919 3554,4920 3509,4920 3508,4920 3508,4929 3509,4930 3622,4930 3622,4930 3622,4931 3508,4931 3507,4931 3507,4935 3507,4936 3506,4936 3503,4938 3500,4938 3499,4939 3115,4938 3115,4938 3115,4940 3114,4941"/>
        <TextEquiv index="0">
          <Unicode>ſetzt /) S. Johannsberg gegen Dun / Kempe⸗</Unicode>
        </TextEquiv>
        <TextEquiv index="1">
          <Unicode>ſetzt /) S. Johannsberg gegen Dun / Kempe⸗</Unicode>
        </TextEquiv>
      </TextLine>
      <TextLine id="l66">
        <Coords points="3501,5053 3501,5032 3500,5032 3471,5031 3470,5032 3463,5032 3461,5030 3461,5031 3461,5046 3459,5047 3454,5047 3454,5047 3454,5031 3453,5030 3452,5030 3452,5031 3452,5051 3450,5052 3449,5052 3449,5052 3449,5031 3448,5030 3447,5030 3445,5028 3445,5024 3444,5023 3444,5022 3443,5021 3443,5020 3442,5019 3442,5017 3441,5016 3441,4968 3440,4967 3411,4967 3411,4968 3411,4969 3410,4970 3410,4971 3409,4972 3409,4975 3408,4976 3408,4978 3406,4980 3406,4982 3405,4983 3405,4985 3402,4988 3402,4989 3401,4990 3401,4992 3400,4993 3400,4994 3398,4996 3398,4998 3397,4999 3397,5001 3396,5002 3396,5003 3395,5004 3395,5007 3393,5009 3393,5010 3392,5011 3392,5013 3391,5014 3391,5015 3389,5017 3389,5021 3388,5022 3388,5024 3386,5026 3386,5030 3381,5034 3380,5034 3380,5034 3380,5033 3378,5031 3377,5031 3376,5030 3351,5030 3349,5028 3298,5028 3297,5029 3296,5029 3296,5030 3296,5036 3295,5036 3294,5036 3294,5036 3294,5030 3293,5029 3245,5029 3244,5030 3244,5034 3243,5035 3243,5040 3242,5041 3242,5045 3241,5046 3235,5046 3233,5043 3233,5028 3232,5028 3196,5028 3195,5029 3166,5029 3165,5028 3163,5028 3162,5027 3134,5027 3133,5026 3085,5026 3085,5026 3085,5027 3084,5028 3083,5028 3083,5028 3083,5029 3082,5030 3050,5030 3050,5030 3050,5031 3048,5033 3048,5032 3048,5031 3044,5027 3044,5024 3041,5022 3011,5021 3006,5027 3006,5028 3005,5028 3004,5028 3003,5029 3002,5029 3001,5030 2998,5030 2997,5029 2997,5028 2995,5026 2993,5026 2991,5024 2990,5024 2987,5021 2987,4976 2986,4975 2952,4975 2952,4976 2952,4977 2951,4978 2951,4979 2950,4980 2950,4983 2949,4984 2949,4986 2948,4987 2948,4988 2947,4989 2947,4992 2946,4993 2946,4994 2945,4995 2945,4997 2944,4998 2944,5001 2943,5002 2943,5006 2941,5008 2941,5010 2940,5011 2940,5014 2939,5015 2939,5016 2938,5017 2938,5018 2937,5019 2937,5021 2936,5022 2936,5029 2935,5030 2935,5031 2933,5033 2933,5035 2932,5036 2932,5039 2931,5040 2931,5042 2929,5043 2910,5043 2909,5044 2908,5044 2907,5045 2903,5045 2902,5046 2894,5046 2893,5045 2886,5045 2883,5042 2880,5042 2879,5041 2878,5041 2877,5040 2877,5039 2876,5038 2876,5028 2875,5027 2827,5027 2826,5028 2824,5028 2823,5027 2800,5027 2798,5025 2768,5025 2768,5025 2768,5026 2766,5028 2763,5028 2762,5027 2730,5027 2730,5026 2730,5025 2729,5025 2697,5025 2651,5025 2650,5026 2649,5026 2648,5027 2646,5027 2645,5026 2613,5026 2612,5025 2610,5025 2609,5024 2569,5023 2567,5025 2546,5025 2542,5029 2541,5028 2540,5028 2539,5027 2539,5025 2538,5024 2538,5023 2535,5020 2521,5020 2521,5021 2521,5031 2519,5032 2518,5031 2518,5021 2517,5020 2505,5020 2505,5021 2505,5022 2504,5022 2503,5022 2501,5024 2500,5024 2499,5025 2498,5025 2497,5026 2495,5026 2493,5024 2462,5024 2458,5020 2458,5019 2457,5018 2449,5018 2448,5017 2448,4997 2447,4996 2422,4996 2421,4998 2421,5000 2420,5001 2420,5003 2419,5004 2419,5007 2418,5008 2418,5009 2417,5010 2417,5011 2416,5012 2416,5014 2415,5015 2415,5018 2413,5019 2412,5019 2412,5020 2412,5024 2410,5025 2385,5025 2384,5026 2381,5026 2381,5027 2381,5035 2380,5035 2379,5035 2379,5035 2379,5028 2378,5027 2378,5022 2377,5021 2308,5021 2307,5022 2307,5024 2306,5025 2305,5025 2304,5024 2281,5024 2280,5023 2245,5023 2244,5024 2243,5024 2242,5025 2241,5025 2240,5024 2182,5024 2182,5024 2182,5025 2181,5026 2152,5026 2150,5028 2149,5027 2146,5027 2144,5025 2138,5025 2137,5024 2135,5024 2134,5023 2131,5023 2130,5022 2100,5021 2100,5022 2100,5023 2098,5025 2098,5026 2096,5028 2096,5029 2094,5030 2082,5030 2082,5031 2082,5039 2081,5040 2081,5041 2080,5042 2080,5043 2077,5045 2071,5045 2070,5044 2067,5044 2066,5043 2066,5042 2065,5041 2065,5030 2064,5029 2053,5029 2052,5028 2001,5028 2000,5029 1999,5029 1998,5028 1953,5028 1948,5023 1947,5023 1945,5021 1945,5020 1944,5019 1944,5015 1945,5014 1945,4981 1947,4979 1947,4976 1948,4974 1949,4974 1952,4971 1954,4971 1957,4968 1979,4968 1980,4969 1995,4969 1996,4969 1996,4946 1996,4945 1997,4946 1997,4969 1997,4969 2006,4969 2007,4969 2007,4958 2010,4955 2010,4954 2011,4952 2012,4952 2015,4955 2015,4957 2016,4958 2016,4970 2016,4970 2046,4970 2047,4970 2047,4958 2047,4957 2048,4957 2049,4956 2054,4956 2055,4955 2056,4955 2057,4955 2057,4954 2058,4953 2058,4952 2058,4951 2061,4951 2062,4950 2065,4950 2066,4949 2068,4949 2069,4950 2070,4950 2072,4952 2073,4952 2074,4953 2074,4971 2074,4971 2075,4971 2078,4974 2078,4975 2080,4977 2111,4978 2112,4977 2112,4976 2114,4974 2114,4972 2116,4970 2116,4968 2117,4967 2117,4965 2119,4963 2119,4961 2120,4960 2120,4959 2120,4959 2141,4959 2142,4958 2142,4957 2143,4956 2144,4955 2145,4955 2146,4954 2146,4953 2147,4952 2147,4951 2148,4950 2148,4949 2149,4948 2150,4948 2152,4946 2152,4945 2152,4945 2153,4945 2154,4944 2154,4943 2155,4942 2156,4942 2157,4941 2158,4941 2159,4940 2161,4940 2163,4938 2167,4938 2168,4937 2181,4937 2182,4938 2184,4938 2188,4942 2189,4942 2190,4943 2191,4943 2194,4945 2194,4946 2195,4947 2195,4948 2200,4953 2200,4954 2202,4956 2202,4965 2202,4966 2241,4966 2242,4965 2243,4965 2245,4963 2275,4963 2276,4962 2276,4961 2277,4960 2277,4957 2278,4956 2278,4953 2279,4952 2281,4952 2282,4951 2282,4949 2283,4948 2283,4947 2284,4946 2285,4946 2286,4945 2288,4945 2292,4941 2293,4941 2296,4943 2296,4946 2296,4947 2318,4947 2319,4948 2320,4948 2321,4948 2321,4949 2322,4950 2322,4952 2323,4953 2323,4964 2323,4965 2355,4965 2356,4965 2356,4955 2357,4953 2362,4953 2363,4953 2363,4952 2365,4950 2365,4949 2366,4947 2367,4947 2368,4946 2369,4946 2370,4947 2371,4947 2372,4948 2372,4949 2372,4949 2377,4949 2378,4950 2379,4950 2380,4951 2380,4968 2380,4968 2383,4968 2384,4969 2385,4969 2388,4972 2389,4972 2390,4973 2390,4974 2391,4975 2391,4977 2391,4977 2422,4977 2423,4977 2423,4976 2424,4975 2424,4974 2426,4972 2426,4971 2427,4970 2427,4969 2428,4968 2428,4967 2430,4965 2430,4964 2431,4963 2431,4961 2432,4960 2432,4958 2433,4957 2433,4956 2433,4955 2446,4955 2447,4955 2447,4954 2454,4947 2454,4934 2455,4933 2461,4933 2461,4934 2461,4939 2461,4939 2485,4939 2487,4937 2488,4937 2490,4935 2491,4935 2493,4934 2497,4934 2498,4933 2506,4933 2507,4934 2508,4934 2508,4935 2510,4935 2513,4938 2513,4939 2514,4940 2514,4941 2515,4942 2542,4942 2543,4943 2544,4943 2545,4944 2546,4944 2548,4946 2549,4946 2551,4948 2552,4948 2553,4949 2553,4950 2554,4951 2554,4957 2555,4958 2555,4959 2556,4960 2556,4961 2558,4963 2558,4964 2559,4965 2559,4966 2559,4966 2611,4967 2613,4965 2615,4965 2617,4967 2649,4967 2651,4965 2651,4964 2651,4964 2654,4964 2655,4963 2655,4954 2656,4953 2656,4948 2656,4948 2658,4948 2659,4947 2661,4947 2664,4949 2664,4965 2664,4966 2689,4966 2690,4965 2690,4963 2690,4963 2692,4965 2731,4965 2732,4964 2732,4944 2732,4944 2763,4944 2765,4942 2766,4943 2770,4943 2771,4943 2771,4944 2772,4945 2772,4962 2772,4963 2801,4963 2803,4965 2847,4965 2848,4964 2850,4964 2852,4962 2853,4962 2855,4964 2855,4966 2855,4966 2899,4966 2902,4963 2904,4963 2906,4965 2906,4967 2908,4969 2908,4970 2909,4971 2910,4971 2911,4972 2943,4972 2944,4972 2944,4967 2945,4966 2945,4965 2946,4964 2946,4961 2947,4960 2947,4959 2947,4958 2948,4958 2949,4957 2976,4957 2977,4957 2977,4956 2983,4950 2983,4949 2986,4945 2987,4945 2991,4941 2992,4941 2993,4940 3014,4940 3015,4939 3016,4939 3017,4938 3018,4938 3019,4937 3023,4937 3025,4935 3031,4936 3033,4935 3036,4935 3036,4936 3041,4936 3042,4937 3046,4937 3047,4938 3050,4938 3051,4938 3051,4939 3054,4942 3054,4943 3054,4944 3055,4944 3060,4948 3060,4950 3063,4953 3063,4956 3064,4957 3064,4958 3065,4959 3065,4961 3066,4963 3077,4963 3079,4964 3079,4965 3079,4966 3091,4966 3092,4966 3092,4967 3092,4968 3102,4968 3103,4967 3103,4949 3103,4949 3106,4949 3107,4948 3107,4942 3108,4941 3109,4941 3109,4948 3109,4949 3128,4949 3129,4948 3130,4948 3131,4948 3131,4967 3131,4968 3132,4967 3132,4944 3132,4944 3133,4944 3133,4967 3133,4968 3136,4968 3138,4966 3140,4966 3142,4967 3142,4969 3142,4970 3173,4970 3174,4969 3209,4969 3210,4968 3234,4968 3235,4967 3235,4966 3236,4965 3236,4964 3237,4963 3237,4960 3238,4959 3239,4959 3240,4958 3240,4957 3240,4957 3241,4957 3243,4955 3244,4955 3245,4954 3246,4953 3246,4951 3247,4950 3248,4950 3249,4949 3250,4949 3251,4948 3252,4948 3253,4947 3257,4947 3259,4945 3265,4945 3268,4948 3268,4949 3268,4949 3271,4949 3274,4952 3277,4952 3280,4955 3280,4971 3280,4971 3303,4971 3304,4970 3305,4970 3306,4969 3318,4969 3319,4969 3319,4957 3319,4956 3323,4956 3324,4955 3325,4955 3326,4954 3327,4954 3329,4952 3331,4952 3332,4951 3333,4951 3334,4950 3363,4950 3365,4952 3365,4993 3365,4993 3388,4993 3390,4992 3390,4991 3391,4990 3391,4989 3392,4988 3392,4987 3394,4985 3394,4983 3395,4982 3395,4981 3397,4979 3397,4977 3399,4975 3399,4974 3400,4973 3400,4971 3401,4970 3401,4969 3402,4968 3402,4965 3403,4963 3404,4963 3406,4961 3409,4961 3411,4963 3411,4965 3411,4965 3441,4965 3442,4965 3442,4961 3443,4960 3443,4959 3444,4958 3444,4956 3446,4953 3447,4953 3449,4951 3450,4951 3451,4950 3452,4950 3454,4948 3456,4948 3459,4945 3461,4945 3462,4944 3467,4944 3468,4944 3468,4941 3469,4939 3470,4940 3470,4941 3470,4941 3471,4941 3472,4942 3472,4945 3472,4945 3503,4946 3504,4946 3504,4947 3504,4948 3505,4948 3511,4954 3512,4954 3518,4959 3518,4969 3518,4970 3535,4970 3536,4971 3563,4971 3565,4972 3565,4973 3566,4974 3566,4975 3568,4978 3601,4978 3602,4977 3602,4976 3602,4976 3603,4977 3604,4977 3605,4977 3605,4985 3606,4986 3606,4987 3605,4988 3605,5011 3603,5013 3600,5013 3599,5014 3595,5014 3595,5014 3595,5016 3593,5018 3590,5018 3588,5020 3586,5020 3585,5021 3584,5021 3583,5022 3581,5022 3579,5024 3579,5025 3578,5026 3565,5026 3561,5030 3559,5030 3557,5032 3554,5032 3553,5031 3512,5031 3509,5034 3507,5034 3506,5033 3502,5033 3502,5033 3502,5053 3501,5054"/>
        <TextEquiv index="0">
          <Unicode>nich / Kerlich / Marienburg / Neucaſtell / Ru⸗</Unicode>
        </TextEquiv>
        <TextEquiv index="1">
          <Unicode>nich / Kerlich / Marienburg / Neucaſtell / Ru⸗</Unicode>
        </TextEquiv>
      </TextLine>
      <TextLine id="l67">
        <Coords points="1954,5160 1953,5159 1950,5159 1949,5158 1948,5158 1948,5158 1948,5095 1949,5094 1949,5090 1950,5089 1950,5080 1951,5079 1951,5076 1952,5075 1952,5074 1953,5073 1953,5070 1954,5069 1954,5068 1955,5066 1956,5066 1957,5066 1957,5065 1960,5061 1963,5061 1964,5060 1967,5060 1968,5059 1969,5059 1971,5057 2342,5058 2343,5058 2343,5056 2343,5055 2347,5055 2349,5053 2351,5053 2352,5052 2355,5052 2356,5052 2356,5051 2356,5050 2362,5050 2363,5049 2375,5049 2376,5048 2379,5048 2381,5050 2389,5050 2390,5051 3291,5053 3292,5052 3293,5053 3293,5054 3293,5054 3532,5055 3533,5055 3533,5057 3533,5058 3550,5058 3551,5058 3551,5062 3551,5063 3559,5063 3560,5064 3563,5064 3565,5065 3565,5066 3567,5068 3567,5069 3567,5070 3600,5070 3603,5073 3604,5073 3605,5073 3605,5077 3606,5078 3606,5081 3605,5082 3605,5084 3604,5085 3604,5088 3600,5092 3600,5094 3599,5095 3598,5095 3598,5095 3598,5099 3595,5102 3594,5102 3594,5102 3594,5110 3593,5111 3593,5116 3591,5118 3591,5120 3590,5121 3590,5123 3589,5124 3589,5125 3588,5126 3587,5126 3586,5127 3586,5131 3585,5132 3585,5135 3584,5136 3583,5136 3582,5137 3582,5140 3581,5141 3581,5143 3579,5145 3579,5146 3577,5148 3577,5149 3576,5150 3576,5152 3574,5154 3362,5153 3362,5154 3362,5157 3360,5158 3359,5158 3356,5161 3355,5161 3354,5162 3352,5162 3351,5161 3351,5160 3350,5159 3345,5159 3344,5158 2550,5156 2547,5159 1959,5158 1958,5159 1956,5159 1955,5160"/>
        <TextEquiv index="0">
          <Unicode>ſenberg / Sareſtein / Schura / Schoneck /</Unicode>
        </TextEquiv>
        <TextEquiv index="1">
          <Unicode>ſenberg / Sareſtein / Schura / Schoneck /</Unicode>
        </TextEquiv>
      </TextLine>
      <TextLine id="l68">
        <Coords points="3275,5272 3065,5272 3064,5271 2160,5269 2156,5265 2156,5264 2155,5263 2042,5262 2041,5261 2030,5261 2029,5260 1961,5260 1960,5260 1960,5178 1960,5177 1936,5177 1935,5177 1936,5176 2027,5176 2030,5173 2032,5173 2034,5171 2038,5171 2040,5169 2171,5170 2172,5169 2175,5169 2176,5168 2177,5168 2179,5166 2213,5166 2214,5165 2424,5165 2425,5164 2432,5164 2433,5164 2433,5163 2433,5162 2434,5162 2435,5163 2963,5164 2964,5165 2970,5165 2971,5166 3130,5167 3131,5168 3132,5168 3133,5169 3134,5169 3135,5170 3137,5170 3138,5171 3568,5172 3568,5172 3568,5173 3139,5172 3138,5172 3139,5173 3277,5173 3277,5174 3277,5177 3278,5177 3455,5177 3458,5180 3473,5180 3473,5181 3473,5189 3474,5189 3515,5190 3516,5191 3516,5194 3517,5195 3517,5197 3519,5199 3546,5199 3548,5201 3548,5207 3549,5208 3550,5208 3550,5208 3550,5218 3551,5219 3558,5219 3558,5219 3558,5221 3558,5222 3552,5222 3551,5222 3551,5272 3551,5273 3277,5272 3276,5273"/>
        <TextEquiv index="0">
          <Unicode>Sirßberg / Sternenberg / Tryß / ꝛc. von de⸗</Unicode>
        </TextEquiv>
        <TextEquiv index="1">
          <Unicode>Sirßberg / Sternenberg / Tryß / ꝛc. von de⸗</Unicode>
        </TextEquiv>
      </TextLine>
      <TextLine id="l69">
        <Coords points="2234,5410 2234,5409 2234,5385 2234,5385 2022,5384 2021,5384 2022,5383 2121,5384 2121,5383 2121,5345 2122,5344 2122,5310 2123,5309 2123,5308 2124,5307 2124,5305 2128,5302 2129,5302 2130,5301 2130,5300 2130,5299 2131,5299 2133,5299 2135,5297 2194,5297 2195,5296 2239,5296 2240,5295 2271,5295 2271,5294 2271,5293 2272,5293 2273,5293 2274,5292 2347,5292 2347,5292 2347,5286 2349,5284 2349,5283 2351,5281 2542,5281 2545,5278 2546,5278 2547,5277 2553,5277 2556,5274 2558,5274 2559,5273 2815,5274 2816,5273 2842,5273 2843,5272 2847,5272 2848,5271 2854,5271 2855,5272 2865,5272 2866,5273 2867,5273 2868,5274 2869,5274 2871,5276 3279,5277 3280,5278 3319,5278 3320,5279 3323,5279 3324,5280 3326,5280 3326,5281 3326,5282 3327,5283 3327,5285 3328,5285 3331,5285 3332,5286 3338,5286 3339,5288 3339,5300 3340,5300 3588,5301 3588,5301 3588,5302 3413,5301 3412,5302 3413,5302 3414,5302 3414,5303 3414,5304 3415,5305 3415,5306 3419,5309 3420,5309 3420,5310 3420,5311 3423,5314 3423,5318 3424,5318 3552,5319 3552,5319 3552,5320 3551,5320 3550,5320 3550,5321 3550,5322 3445,5321 3444,5322 3444,5380 3443,5381 3443,5385 3442,5386 3442,5389 3442,5389 3304,5389 3303,5390 3302,5390 3301,5391 3295,5391 3294,5392 3294,5399 3292,5400 3268,5400 3268,5401 3268,5409 3267,5409 2238,5407 2238,5407 2238,5409 2237,5410"/>
        <TextEquiv index="0">
          <Unicode>nen wir / auſſer deß Namens / ſonſten</Unicode>
        </TextEquiv>
        <TextEquiv index="1">
          <Unicode>nen wir / auſſer deß Namens / ſonſten</Unicode>
        </TextEquiv>
      </TextLine>
      <TextLine id="l70">
        <Coords points="2477,5527 2476,5526 2476,5525 2475,5524 2475,5522 2474,5521 2474,5520 2473,5519 2473,5518 2472,5517 2472,5516 2471,5515 2471,5514 2470,5513 2470,5512 2469,5511 2469,5510 2468,5509 2340,5509 2340,5508 2340,5508 2386,5508 2387,5508 2387,5401 2389,5399 2389,5397 2390,5396 2390,5395 2390,5394 2392,5394 2393,5394 2393,5391 2394,5390 2397,5390 2398,5389 2468,5389 2469,5388 2801,5389 2802,5390 2803,5390 2806,5393 2816,5393 2816,5394 2816,5395 2817,5396 2817,5398 2817,5398 2877,5398 2880,5401 2880,5404 2881,5405 2882,5405 2884,5407 2885,5407 2886,5408 2888,5408 2889,5409 2890,5409 2891,5410 2892,5410 2893,5411 2934,5411 2937,5414 2973,5414 2974,5415 2978,5415 2981,5418 2981,5419 2981,5419 2982,5419 2984,5421 2993,5421 2994,5422 2994,5446 2994,5446 2998,5446 2999,5447 3000,5447 3002,5449 3002,5450 3002,5450 3003,5450 3004,5451 3004,5452 3005,5453 3007,5453 3010,5456 3010,5457 3011,5458 3011,5459 3012,5460 3012,5528 3012,5528 3232,5529 3233,5529 3232,5530 3223,5530 3223,5530 3223,5531 3222,5532 2601,5531 2601,5531"/>
        <TextEquiv index="0">
          <Unicode>wenig finden.</Unicode>
        </TextEquiv>
        <TextEquiv index="1">
          <Unicode>wenig finden.</Unicode>
        </TextEquiv>
      </TextLine>
      <TextEquiv>
        <Unicode/>
      </TextEquiv>
    </TextRegion>
    <TextRegion id="r6" orientation="0.0" type="paragraph">
      <Coords points="2633,2474 2633,2228 2927,2228 2927,2474"/>
      <TextLine id="l71">
        <Coords points="2660,2279 2926,2279 2926,2456 2660,2456"/>
        <TextEquiv index="0">
          <Unicode>Zell.</Unicode>
        </TextEquiv>
        <TextEquiv index="1">
          <Unicode>el.</Unicode>
        </TextEquiv>
      </TextLine>
      <TextEquiv>
        <Unicode/>
      </TextEquiv>
    </TextRegion>
    <TextRegion id="r7" orientation="0.0" type="paragraph">
      <Coords points="261,1849 261,404 506,408 598,445 730,412 1124,418 1188,444 1259,420 1958,432 1974,745 1954,1239 1951,1849 1642,1849 1287,1789 745,1791"/>
      <TextLine id="l72">
        <Coords points="280,410 1953,410 1953,550 280,550"/>
        <TextEquiv index="0">
          <Unicode>ſo in Schwediſchen Dienſten geweſen / her⸗</Unicode>
        </TextEquiv>
        <TextEquiv index="1">
          <Unicode>ſo in Schwediſchen Dienſten geweſen / her⸗</Unicode>
        </TextEquiv>
      </TextLine>
      <TextLine id="l73">
        <Coords points="1969,667 1969,661 1969,660 708,660 707,659 702,659 700,658 700,655 700,654 436,654 435,653 433,653 431,652 431,650 430,649 430,647 429,646 429,644 429,643 283,643 282,643 282,642 282,641 277,641 276,641 276,581 275,580 275,577 277,575 286,575 286,575 286,570 287,569 297,569 298,568 300,568 301,567 323,567 324,566 325,566 325,566 325,565 327,563 419,563 422,560 422,559 424,557 425,557 427,555 432,555 433,554 485,554 487,552 491,552 492,551 502,551 503,552 1649,552 1652,556 1652,559 1653,559 1687,559 1688,560 1689,560 1691,562 1692,562 1693,563 1705,563 1705,564 1705,569 1706,569 1844,569 1846,572 1846,584 1847,584 1911,584 1912,585 1914,585 1915,586 1916,586 1917,587 1918,587 1920,589 1922,589 1923,590 1924,590 1924,591 1924,593 1925,594 1925,595 1926,596 1926,599 1927,600 1927,601 1928,602 1928,622 1929,622 1946,622 1949,626 1949,627 1950,627 1951,627 1952,628 1953,628 1955,631 1955,632 1954,633 1954,635 1945,644 1904,644 1903,645 1902,645 1901,646 1900,646 1899,647 1898,647 1896,649 1894,649 1891,652 1866,652 1861,657 1858,657 1857,658 1858,658 1970,658 1970,659 1970,667 1970,667"/>
        <TextEquiv index="0">
          <Unicode>nach Anno 32. die Spaniſchen / und Ao 1639.</Unicode>
        </TextEquiv>
        <TextEquiv index="1">
          <Unicode>nach Anno 32. die Spaniſchen / und Ano 1639.</Unicode>
        </TextEquiv>
      </TextLine>
      <TextLine id="l74">
        <Coords points="1972,779 1972,777 1971,776 1971,754 1971,753 1795,753 1794,752 1764,752 1763,751 1676,751 1675,752 1647,752 1646,753 1646,757 1644,759 1644,763 1643,764 1643,766 1642,767 1642,768 1641,769 1641,770 1641,770 1640,770 1639,771 1637,771 1636,771 1636,770 1635,769 1635,751 1635,750 1546,750 1545,751 1545,753 1544,754 1544,762 1542,764 1541,764 1540,765 1536,765 1535,764 1493,764 1492,764 1492,755 1492,754 1459,754 1457,753 1457,752 1457,751 1430,751 1428,749 1427,749 1426,748 1320,748 1319,749 1106,749 1105,750 1105,751 1105,751 1041,751 1040,752 1039,752 1038,753 1037,752 1036,752 1035,751 912,751 911,752 892,752 891,753 891,761 891,761 890,761 888,763 888,769 887,770 887,771 886,772 883,772 882,771 878,771 877,770 873,770 872,770 872,767 872,766 803,766 802,765 799,765 798,765 798,753 798,752 671,752 669,754 589,754 588,755 588,756 584,760 584,761 583,762 583,763 582,764 582,765 582,765 581,765 578,768 578,769 577,770 576,770 574,772 573,771 572,771 569,769 569,756 569,755 493,755 492,754 489,754 488,753 445,753 444,752 443,752 442,751 369,751 366,748 365,748 361,744 343,744 342,743 340,743 339,742 301,742 300,741 297,741 293,737 292,737 291,736 287,736 286,735 285,735 283,734 283,731 283,730 280,730 279,730 279,729 278,728 278,727 279,726 283,726 283,726 283,667 284,666 289,666 290,665 292,665 293,664 349,664 351,662 354,662 354,663 354,665 355,665 457,665 458,664 475,664 476,663 498,663 499,664 500,664 501,665 507,665 508,666 510,666 511,668 511,669 512,669 515,669 516,670 518,670 519,671 520,671 520,672 520,673 521,674 521,676 523,678 523,679 524,680 524,682 526,684 526,685 527,685 593,685 596,688 648,688 649,689 672,689 672,690 672,692 673,692 779,692 780,691 784,691 784,691 784,681 785,680 785,678 786,677 805,677 805,677 805,676 807,674 809,674 810,673 810,672 813,669 815,669 816,668 818,668 819,667 821,669 875,669 876,670 877,670 878,672 878,673 879,674 879,690 880,690 993,690 993,690 993,678 996,675 996,674 997,673 1062,673 1063,672 1065,672 1065,672 1065,671 1066,670 1068,668 1069,668 1070,667 1148,667 1149,666 1151,666 1152,665 1153,665 1154,666 1160,666 1161,668 1161,669 1162,670 1162,676 1163,677 1163,686 1164,686 1247,686 1248,687 1384,687 1386,689 1482,689 1482,689 1482,681 1483,680 1483,679 1484,678 1538,678 1539,677 1539,676 1540,675 1541,675 1542,674 1542,672 1545,669 1545,668 1546,667 1548,667 1549,666 1550,666 1551,665 1553,665 1554,664 1556,664 1558,666 1559,666 1560,667 1561,667 1562,668 1564,668 1565,669 1566,669 1566,670 1566,671 1567,671 1654,671 1657,668 1658,668 1660,666 1664,666 1665,667 1752,667 1753,666 1757,666 1758,665 1761,665 1762,664 1764,664 1765,665 1777,665 1780,668 1799,668 1800,669 1801,669 1801,670 1801,671 1803,673 1803,674 1804,675 1804,690 1805,690 1847,690 1848,691 1850,691 1851,692 1874,692 1875,693 1896,693 1898,695 1939,695 1940,696 1969,696 1969,696 1969,668 1970,667 1970,668 1970,676 1971,677 1971,696 1972,697 1972,715 1973,716 1973,779 1973,779"/>
        <TextEquiv index="0">
          <Unicode>die Weymariſche einbekommen / ſo ſie Anno</Unicode>
        </TextEquiv>
        <TextEquiv index="1">
          <Unicode>die Weymariſche einbekommen / ſo ſie Anno</Unicode>
        </TextEquiv>
      </TextLine>
      <TextLine id="l75">
        <Coords points="728,886 727,886 726,885 716,885 715,884 712,884 711,883 710,883 708,882 708,881 708,880 651,880 650,881 650,882 650,882 645,882 644,883 630,883 629,882 627,882 626,881 591,881 590,880 586,880 585,879 582,879 578,876 578,864 578,863 565,863 563,861 503,861 501,863 466,863 464,862 464,861 464,860 440,860 439,860 439,859 437,856 436,856 435,855 369,855 368,856 331,856 330,857 330,871 329,872 329,875 328,876 326,876 325,877 324,877 323,878 321,878 320,877 318,877 316,876 316,875 315,874 315,859 315,858 287,858 286,857 285,857 284,857 284,856 283,855 283,849 284,848 284,847 285,846 285,845 286,844 287,844 290,841 290,840 294,836 294,835 295,834 296,834 297,833 297,832 298,831 299,831 300,830 300,829 306,823 306,822 308,820 308,819 312,815 312,812 313,811 313,807 315,805 316,805 317,804 320,804 321,803 322,804 323,804 324,806 324,808 325,808 370,808 371,809 374,809 375,810 376,810 377,811 435,811 435,811 435,807 438,804 439,804 444,799 445,799 445,799 445,790 446,789 447,789 447,790 447,799 449,800 467,800 468,801 549,801 550,800 560,800 560,800 560,788 561,787 568,787 569,786 574,786 575,785 575,784 576,783 577,783 578,782 580,784 581,784 583,786 586,786 587,788 587,802 588,802 703,802 703,802 703,791 704,790 704,789 705,788 711,788 715,784 716,784 718,782 728,782 729,783 730,783 731,785 731,786 732,787 732,788 733,789 733,800 734,800 792,800 792,800 792,794 795,791 798,791 799,790 800,790 800,790 800,789 801,788 802,788 803,787 804,787 804,787 804,786 808,782 810,782 811,781 813,781 816,785 816,796 817,796 856,796 857,797 858,797 859,798 916,798 920,794 920,793 922,791 922,789 925,786 925,785 926,784 926,783 929,780 931,780 932,779 942,779 943,778 956,778 957,777 959,777 960,776 961,776 962,775 969,775 970,776 976,776 977,777 978,777 981,780 982,780 982,781 982,783 983,783 1010,783 1012,786 1012,788 1013,789 1013,801 1014,801 1048,801 1049,800 1084,800 1086,798 1091,798 1092,799 1093,799 1094,800 1111,800 1112,801 1171,801 1172,800 1190,800 1191,799 1238,799 1239,798 1241,798 1241,798 1241,787 1242,786 1242,784 1243,783 1243,782 1245,780 1248,780 1249,782 1249,783 1250,784 1250,798 1251,798 1276,798 1277,797 1279,797 1281,799 1322,799 1324,801 1418,801 1422,797 1422,796 1423,795 1425,795 1427,793 1428,793 1429,792 1431,792 1433,795 1433,799 1434,799 1518,799 1518,799 1518,796 1519,795 1519,789 1524,784 1525,784 1529,780 1532,780 1533,779 1534,779 1536,777 1543,777 1544,776 1617,776 1618,777 1619,777 1622,780 1623,780 1624,781 1628,781 1630,783 1687,783 1690,780 1692,780 1693,781 1706,781 1707,782 1752,782 1753,783 1755,783 1756,785 1756,786 1757,787 1757,791 1758,791 1795,791 1796,793 1796,800 1797,800 1845,800 1847,802 1864,802 1866,804 1913,804 1913,804 1913,791 1915,789 1915,788 1917,786 1921,786 1923,788 1971,788 1971,788 1971,780 1972,779 1973,779 1973,780 1973,782 1972,783 1972,797 1972,797 1954,797 1953,798 1953,820 1952,821 1952,840 1950,842 1950,843 1949,844 1948,844 1946,846 1945,846 1943,848 1942,848 1935,855 1933,855 1932,856 1931,856 1930,857 1928,857 1927,858 1914,858 1911,861 1911,862 1908,865 1906,865 1904,864 1904,863 1904,862 1826,862 1823,865 1823,867 1821,869 1820,869 1819,870 1819,872 1818,873 1818,875 1816,877 1816,878 1816,878 1813,878 1811,880 1810,880 1809,881 1808,881 1807,882 1804,882 1802,881 1802,880 1801,879 1801,874 1801,873 1763,873 1759,870 1759,868 1758,867 1758,866 1758,865 1692,865 1691,866 1691,869 1690,870 1690,878 1689,879 1689,880 1689,880 1681,880 1678,878 1678,865 1678,864 1612,864 1609,867 1606,867 1604,865 1557,865 1552,861 1552,860 1552,859 1551,859 1549,858 1549,857 1549,856 1548,856 1546,855 1546,854 1546,853 1489,853 1488,854 1488,855 1487,856 1486,856 1485,857 1484,857 1480,861 1479,861 1478,862 1476,862 1475,861 1393,861 1392,860 1292,860 1291,861 1291,862 1290,863 1290,867 1286,871 1286,872 1285,873 1284,873 1283,874 1283,876 1282,877 1281,877 1280,878 1278,878 1277,879 1262,879 1261,878 1260,878 1258,876 1257,876 1251,871 1251,863 1251,862 1235,862 1234,861 1212,861 1211,860 1108,860 1107,861 1107,863 1107,863 1105,861 1025,861 1024,862 1000,862 998,864 970,864 969,865 965,865 963,867 960,867 959,868 958,868 957,869 954,869 953,868 947,868 946,867 944,867 943,866 941,866 940,865 939,865 938,864 937,864 936,863 935,863 932,861 932,860 932,859 928,859 925,856 856,856 854,858 854,859 853,860 852,860 851,861 851,862 850,863 849,863 848,864 847,864 846,865 808,865 807,866 806,865 738,865 737,866 737,878 734,881 734,883 732,885 731,885 729,887"/>
        <TextEquiv index="0">
          <Unicode>40. noch gehabt. Ein wenig unter Weſel / zwi⸗</Unicode>
        </TextEquiv>
        <TextEquiv index="1">
          <Unicode>40. noch gehabt. Ein wenig unter Weſel / zwi⸗</Unicode>
        </TextEquiv>
      </TextLine>
      <TextLine id="l76">
        <Coords points="279,889 1949,889 1949,999 279,999"/>
        <TextEquiv index="0">
          <Unicode>ſchen den Bergen / iſt ein wunderbarer / und</Unicode>
        </TextEquiv>
        <TextEquiv index="1">
          <Unicode>ſchen den Bergen / iſt ein wunderbarer / und</Unicode>
        </TextEquiv>
      </TextLine>
      <TextLine id="l77">
        <Coords points="1700,1113 1699,1113 1699,1106 1699,1105 739,1105 738,1106 737,1106 734,1109 730,1109 729,1110 722,1110 721,1111 720,1111 719,1110 718,1110 717,1109 716,1109 715,1108 714,1108 713,1107 709,1107 708,1107 708,1106 705,1103 705,1100 704,1099 704,1093 704,1092 397,1092 396,1092 396,1090 396,1089 372,1089 370,1088 370,1086 368,1083 296,1083 295,1082 294,1082 292,1080 289,1080 288,1079 286,1079 285,1078 281,1078 278,1076 278,1072 280,1070 280,1019 281,1018 281,1016 283,1014 283,1013 287,1009 443,1009 443,1009 443,1004 445,1002 456,1002 458,1000 460,1000 460,1000 460,999 461,998 465,998 465,999 465,1000 466,1000 900,1000 901,1001 929,1001 930,1002 1478,1002 1479,1003 1503,1003 1504,1004 1589,1004 1589,1005 1589,1010 1590,1010 1963,1010 1963,1011 1963,1015 1963,1015 1735,1015 1734,1016 1734,1017 1739,1021 1740,1021 1742,1023 1743,1023 1746,1026 1747,1026 1748,1027 1821,1027 1823,1029 1843,1029 1844,1030 1886,1030 1887,1031 1915,1031 1916,1033 1916,1034 1917,1034 1937,1034 1938,1035 1942,1035 1943,1037 1943,1077 1944,1078 1944,1085 1944,1085 1943,1085 1940,1088 1940,1089 1938,1091 1725,1091 1724,1092 1724,1113 1724,1113"/>
        <TextEquiv index="0">
          <Unicode>denckwürdiger Wiederhall / oder Echo, davon</Unicode>
        </TextEquiv>
        <TextEquiv index="1">
          <Unicode>denckwürdiger Wiederhall / oder Echo, davon</Unicode>
        </TextEquiv>
      </TextLine>
      <TextLine id="l78">
        <Coords points="677,1227 675,1225 671,1225 667,1222 667,1200 667,1199 389,1199 388,1198 386,1198 384,1196 382,1196 381,1195 343,1195 342,1194 337,1194 336,1193 284,1193 283,1192 281,1192 278,1190 278,1189 278,1188 277,1187 276,1187 275,1187 275,1185 276,1184 277,1184 277,1184 277,1113 278,1112 278,1111 279,1110 280,1110 281,1109 292,1109 293,1110 328,1110 329,1111 331,1111 332,1112 1050,1112 1051,1113 1725,1113 1726,1114 1786,1114 1787,1115 1859,1115 1860,1116 1864,1116 1868,1121 1868,1122 1869,1123 1870,1123 1871,1123 1872,1125 1872,1139 1873,1139 1888,1139 1890,1141 1907,1141 1908,1142 1909,1142 1910,1143 1929,1143 1930,1144 1932,1144 1932,1145 1932,1146 1933,1147 1933,1148 1934,1148 1935,1148 1937,1151 1937,1154 1938,1155 1937,1156 1937,1193 1936,1194 1936,1195 1935,1196 1935,1197 1930,1202 1850,1202 1849,1203 1849,1204 1848,1205 1848,1210 1847,1211 1847,1213 1845,1215 1845,1216 1844,1217 1724,1217 1723,1218 1722,1218 1721,1219 1720,1219 1718,1221 1711,1221 1710,1220 704,1220 703,1221 703,1227 703,1227"/>
        <TextEquiv index="0">
          <Unicode>Freherus part. 2. Orig. c. 18. kan geleſen</Unicode>
        </TextEquiv>
        <TextEquiv index="1">
          <Unicode>Freherus part. 2. Orig. c. 18. kan geleſen</Unicode>
        </TextEquiv>
      </TextLine>
      <TextLine id="l79">
        <Coords points="268,1339 267,1339 267,1338 266,1336 264,1336 261,1334 261,1332 261,1331 261,1324 264,1320 276,1320 276,1320 276,1289 279,1286 280,1286 280,1286 280,1267 281,1266 281,1265 283,1263 283,1261 286,1258 286,1257 288,1255 289,1255 292,1252 421,1252 421,1252 421,1249 422,1248 422,1247 424,1245 426,1245 426,1245 426,1244 427,1243 427,1242 428,1241 648,1241 648,1241 648,1239 650,1237 651,1237 651,1237 651,1233 652,1232 653,1232 655,1230 656,1230 657,1229 693,1229 694,1228 695,1228 696,1227 1308,1227 1309,1226 1311,1226 1313,1224 1655,1224 1655,1224 1655,1223 1656,1222 1657,1222 1657,1223 1657,1227 1658,1227 1759,1227 1760,1228 1763,1228 1764,1229 1853,1229 1857,1233 1858,1233 1859,1234 1900,1234 1901,1236 1901,1237 1902,1237 1903,1237 1903,1238 1903,1249 1904,1249 1935,1249 1936,1251 1936,1252 1937,1253 1937,1255 1935,1257 1935,1261 1934,1262 1934,1263 1933,1264 1933,1266 1932,1267 1932,1268 1931,1269 1931,1270 1930,1271 1930,1273 1929,1274 1929,1275 1926,1278 1926,1281 1925,1282 1925,1284 1924,1285 1924,1287 1922,1289 1922,1290 1921,1291 1921,1294 1920,1295 1920,1296 1919,1297 1919,1299 1918,1300 1918,1302 1917,1303 1917,1307 1916,1308 1916,1312 1915,1313 1915,1314 1914,1315 1914,1316 1914,1316 1913,1316 1910,1319 1909,1319 1908,1320 1837,1320 1836,1321 1836,1328 1834,1330 1834,1331 1833,1332 1828,1332 1827,1331 1826,1331 1826,1326 1826,1325 1017,1325 1016,1326 1016,1331 1016,1331 280,1331 279,1332 279,1338 278,1339"/>
        <TextEquiv index="0">
          <Unicode>werden. Es ligt nahend dieſer Stadt Weſel /</Unicode>
        </TextEquiv>
        <TextEquiv index="1">
          <Unicode>werden. Es ligt nahend dieſer Stadt Weſel /</Unicode>
        </TextEquiv>
      </TextLine>
      <TextLine id="l80">
        <Coords points="1252,1452 1251,1451 1249,1451 1248,1450 1246,1450 1245,1450 1245,1449 1245,1448 1242,1448 1240,1447 1240,1446 1239,1445 1239,1444 1239,1443 575,1443 574,1442 573,1442 572,1441 569,1441 567,1440 567,1437 566,1436 566,1432 566,1431 465,1431 464,1430 452,1430 450,1428 351,1428 350,1427 287,1427 286,1426 284,1426 283,1425 282,1425 281,1424 280,1424 279,1423 277,1423 275,1422 275,1420 274,1419 274,1400 273,1399 273,1366 272,1365 272,1344 272,1343 271,1343 270,1343 270,1342 269,1340 268,1340 267,1340 268,1339 687,1339 687,1339 687,1338 688,1337 806,1337 807,1336 988,1336 988,1336 988,1335 989,1334 989,1333 991,1331 1079,1331 1080,1330 1081,1330 1083,1328 1085,1328 1087,1326 1088,1326 1089,1325 1093,1325 1094,1324 1100,1324 1101,1325 1103,1325 1104,1326 1105,1326 1108,1330 1108,1338 1109,1338 1748,1338 1749,1339 1793,1339 1795,1342 1795,1343 1796,1344 1796,1365 1797,1365 1883,1365 1884,1367 1884,1369 1885,1369 1926,1369 1926,1370 1926,1371 1929,1374 1929,1375 1930,1376 1930,1381 1932,1382 1934,1382 1934,1383 1934,1388 1935,1389 1935,1401 1934,1402 1934,1405 1933,1406 1933,1407 1932,1408 1932,1409 1931,1410 1931,1411 1928,1414 1927,1414 1926,1415 1926,1416 1919,1423 1919,1424 1919,1424 1916,1424 1915,1425 1915,1426 1914,1427 1914,1428 1914,1428 1622,1428 1621,1429 1621,1437 1621,1437 1618,1437 1615,1440 1613,1440 1611,1442 1284,1442 1279,1447 1278,1447 1276,1449 1275,1449 1274,1450 1273,1450 1272,1451 1270,1451 1269,1452"/>
        <TextEquiv index="0">
          <Unicode>das Schloß Schönburg / welches Anno</Unicode>
        </TextEquiv>
        <TextEquiv index="1">
          <Unicode>das Schloß Schönbueg / welches Anno</Unicode>
        </TextEquiv>
      </TextLine>
      <TextLine id="l81">
        <Coords points="1951,1565 1950,1565 1950,1559 1950,1558 1879,1558 1878,1557 1873,1557 1872,1556 1705,1556 1704,1555 399,1555 398,1556 398,1557 398,1557 392,1557 390,1555 389,1555 388,1555 388,1553 387,1552 387,1540 387,1539 385,1539 384,1539 384,1538 384,1537 275,1537 273,1536 273,1493 272,1492 273,1491 273,1467 274,1466 518,1466 519,1465 519,1464 522,1461 656,1461 657,1460 659,1460 659,1460 659,1458 661,1456 665,1456 665,1456 665,1454 666,1453 666,1452 668,1450 669,1450 670,1449 675,1449 676,1448 691,1448 692,1447 1146,1447 1147,1446 1148,1447 1156,1447 1157,1448 1162,1448 1163,1449 1165,1449 1166,1450 1838,1450 1839,1451 1848,1451 1849,1452 1852,1452 1853,1454 1853,1455 1854,1456 1854,1457 1855,1457 1888,1457 1889,1458 1890,1458 1891,1460 1891,1463 1892,1463 1953,1463 1953,1464 1953,1543 1952,1544 1952,1565 1952,1565"/>
        <TextEquiv index="0">
          <Unicode>1645. der Käyſerliche Gubernator auff Eh⸗</Unicode>
        </TextEquiv>
        <TextEquiv index="1">
          <Unicode>1645. der Käyſerliche Gubernator auff Eh⸗</Unicode>
        </TextEquiv>
      </TextLine>
      <TextLine id="l82">
        <Coords points="1949,1674 1948,1674 1948,1657 1948,1656 1901,1656 1900,1655 1899,1655 1898,1655 1898,1651 1898,1650 1858,1650 1855,1647 1755,1647 1754,1648 1754,1661 1753,1662 1753,1665 1751,1667 1747,1667 1746,1668 1736,1668 1735,1667 1730,1667 1729,1667 1729,1666 1728,1665 1728,1650 1728,1649 1706,1649 1705,1648 1652,1648 1651,1647 1609,1647 1608,1646 1603,1646 1542,1646 1541,1647 1515,1647 1513,1649 1512,1649 1511,1648 1464,1648 1463,1647 1416,1647 1414,1645 1390,1645 1389,1644 1353,1644 1352,1643 1280,1643 1279,1644 1279,1667 1279,1667 1278,1667 1277,1667 1277,1643 1277,1642 1195,1642 1194,1643 1173,1643 1172,1644 1172,1645 1171,1646 1171,1651 1170,1652 1170,1658 1168,1660 1167,1660 1166,1661 1166,1662 1166,1662 1163,1662 1162,1662 1162,1654 1161,1653 1161,1642 1161,1641 1127,1641 1125,1640 1125,1639 1125,1638 1069,1638 1068,1639 1067,1639 1066,1640 1065,1640 1064,1641 1021,1641 1020,1642 1020,1643 1020,1643 1017,1643 1016,1644 1009,1644 1008,1645 1007,1645 1006,1646 1003,1646 1001,1648 998,1648 997,1649 994,1649 993,1648 992,1648 990,1647 990,1645 990,1644 988,1644 987,1643 986,1643 985,1642 984,1642 983,1641 982,1641 981,1640 929,1640 928,1641 925,1641 922,1644 824,1644 821,1647 821,1648 820,1649 819,1649 818,1650 818,1651 818,1651 807,1651 806,1652 806,1661 805,1662 804,1662 803,1663 802,1663 801,1662 800,1662 796,1659 796,1658 795,1657 795,1643 795,1642 727,1642 725,1644 725,1646 724,1647 724,1649 723,1650 723,1651 723,1651 719,1651 717,1650 717,1649 717,1648 649,1648 646,1646 646,1645 646,1644 593,1644 592,1645 591,1645 590,1646 590,1647 590,1647 570,1647 569,1648 569,1659 568,1660 568,1661 567,1662 567,1664 567,1664 566,1664 565,1665 562,1665 561,1665 561,1664 561,1663 556,1663 555,1663 555,1649 555,1648 476,1648 475,1647 410,1647 409,1648 409,1650 408,1651 379,1651 378,1652 378,1653 377,1654 376,1654 372,1650 286,1650 285,1651 282,1651 281,1652 278,1652 277,1651 276,1651 275,1651 275,1650 270,1645 270,1641 269,1640 269,1607 270,1606 270,1598 271,1597 271,1591 272,1590 279,1590 281,1588 282,1588 282,1589 282,1590 283,1590 352,1590 353,1589 390,1589 390,1589 390,1580 391,1579 392,1578 394,1578 397,1575 399,1575 399,1575 399,1573 401,1571 403,1571 406,1568 411,1568 412,1567 413,1567 414,1569 414,1587 415,1587 511,1587 511,1587 511,1575 513,1573 513,1572 515,1570 517,1570 518,1569 558,1569 559,1568 577,1568 578,1567 583,1567 584,1566 587,1566 587,1566 587,1565 588,1564 590,1564 591,1566 591,1567 593,1568 594,1568 595,1569 597,1569 599,1571 602,1571 603,1573 603,1586 604,1586 657,1586 657,1586 657,1570 659,1568 660,1568 661,1569 662,1569 663,1571 663,1574 664,1575 664,1584 665,1584 680,1584 682,1586 740,1586 741,1585 741,1583 742,1582 742,1581 743,1580 743,1576 744,1575 744,1574 745,1573 746,1573 747,1572 784,1572 786,1570 787,1570 787,1570 787,1569 789,1567 790,1567 790,1567 790,1566 792,1564 793,1564 794,1563 796,1563 797,1562 800,1562 802,1560 806,1560 807,1562 807,1573 808,1573 822,1573 824,1575 825,1575 826,1576 827,1576 828,1578 828,1579 829,1580 829,1581 831,1583 831,1584 832,1584 887,1584 889,1582 969,1582 969,1582 969,1580 971,1578 971,1577 973,1575 976,1575 981,1570 982,1570 984,1568 985,1568 986,1567 987,1567 990,1564 991,1564 993,1562 994,1562 996,1560 999,1560 1000,1559 1005,1559 1006,1560 1007,1560 1009,1562 1065,1562 1066,1561 1068,1561 1069,1563 1069,1564 1070,1565 1070,1582 1071,1582 1166,1582 1166,1582 1166,1580 1167,1579 1167,1578 1172,1573 1173,1573 1173,1573 1173,1572 1176,1569 1179,1569 1179,1569 1179,1568 1182,1565 1184,1565 1185,1564 1187,1564 1188,1563 1189,1563 1190,1562 1194,1562 1195,1563 1196,1563 1198,1565 1199,1565 1199,1566 1199,1567 1200,1567 1201,1567 1203,1569 1205,1569 1206,1571 1206,1581 1207,1581 1254,1581 1254,1582 1254,1583 1255,1583 1301,1583 1303,1585 1323,1585 1324,1586 1325,1586 1327,1588 1386,1588 1388,1586 1389,1586 1390,1585 1391,1585 1393,1583 1442,1583 1442,1583 1442,1579 1443,1578 1443,1575 1445,1573 1445,1572 1455,1562 1456,1562 1457,1561 1461,1561 1462,1560 1481,1560 1484,1557 1491,1557 1492,1556 1493,1556 1494,1555 1507,1555 1508,1556 1513,1556 1515,1559 1515,1560 1516,1560 1517,1560 1519,1562 1520,1562 1522,1564 1523,1564 1523,1565 1523,1566 1525,1567 1553,1567 1556,1571 1556,1572 1557,1573 1557,1585 1558,1585 1586,1585 1587,1586 1603,1586 1604,1587 1664,1587 1665,1586 1666,1586 1667,1585 1668,1585 1669,1586 1723,1586 1723,1586 1723,1574 1725,1572 1732,1572 1732,1572 1732,1571 1734,1569 1736,1569 1738,1567 1742,1567 1743,1566 1745,1566 1747,1568 1749,1568 1750,1569 1751,1569 1753,1572 1753,1587 1754,1587 1811,1587 1812,1586 1815,1586 1815,1586 1815,1578 1816,1577 1816,1576 1817,1575 1817,1572 1819,1570 1821,1570 1822,1571 1823,1571 1824,1573 1824,1586 1825,1586 1862,1586 1863,1587 1924,1587 1924,1587 1924,1586 1925,1585 1925,1584 1926,1583 1926,1582 1928,1580 1950,1580 1950,1580 1950,1566 1951,1565 1952,1565 1952,1566 1952,1674 1952,1674"/>
        <TextEquiv index="0">
          <Unicode>renbreitſtein / Herr Oberſter von Nievenheim /</Unicode>
        </TextEquiv>
        <TextEquiv index="1">
          <Unicode>renbreitſtein / Herr Oberſter von Nievenheim /</Unicode>
        </TextEquiv>
      </TextLine>
      <TextLine id="l83">
        <Coords points="1947,1814 1946,1814 1946,1813 1945,1812 1945,1807 1946,1806 1946,1785 1947,1784 1947,1766 1947,1765 1822,1765 1821,1766 1821,1779 1818,1782 1817,1782 1816,1783 1788,1783 1787,1784 1784,1784 1783,1783 1781,1783 1780,1783 1780,1782 1778,1780 1778,1762 1778,1761 1671,1761 1670,1762 1669,1762 1668,1761 1595,1761 1594,1762 1594,1774 1593,1775 1593,1776 1591,1778 1591,1780 1588,1783 1574,1783 1573,1784 1571,1784 1570,1783 1569,1783 1568,1782 1566,1782 1564,1781 1564,1779 1563,1777 1502,1777 1501,1776 1500,1776 1499,1776 1499,1775 1498,1774 1498,1758 1498,1757 1437,1757 1435,1756 1435,1755 1435,1754 1338,1754 1337,1755 1304,1755 1303,1756 1303,1763 1302,1764 1302,1767 1301,1768 1301,1770 1298,1773 1297,1773 1296,1774 1295,1774 1294,1773 1270,1773 1269,1773 1269,1772 1268,1771 1268,1755 1268,1754 1213,1754 1212,1753 1211,1753 1210,1752 1124,1752 1123,1753 1123,1772 1122,1773 1121,1773 1120,1774 1119,1774 1116,1777 1115,1777 1114,1778 1106,1778 1105,1777 1100,1777 1096,1774 1096,1757 1096,1756 950,1756 949,1755 791,1755 790,1756 790,1757 790,1757 729,1757 728,1758 703,1758 701,1760 674,1760 673,1761 672,1761 671,1762 647,1762 646,1761 517,1761 515,1763 438,1763 435,1766 435,1767 433,1769 433,1770 432,1771 432,1772 431,1773 431,1774 430,1775 430,1776 429,1777 429,1778 428,1779 428,1783 427,1784 425,1784 424,1785 416,1785 413,1783 413,1767 413,1766 299,1766 297,1768 297,1772 295,1774 295,1775 294,1776 294,1778 289,1783 288,1783 287,1784 284,1784 283,1783 279,1783 278,1783 278,1782 277,1780 276,1780 273,1778 273,1777 272,1776 272,1774 271,1773 271,1745 270,1744 270,1739 273,1736 274,1736 274,1736 274,1712 275,1711 275,1708 277,1706 279,1706 281,1704 281,1701 285,1697 287,1697 288,1698 289,1698 290,1699 414,1699 415,1698 487,1698 488,1697 490,1697 491,1696 491,1694 492,1693 493,1695 493,1697 495,1698 580,1698 580,1698 580,1693 581,1692 581,1691 583,1689 583,1688 584,1687 584,1686 586,1684 587,1684 588,1683 589,1683 594,1678 596,1678 597,1677 598,1677 599,1679 599,1696 600,1696 705,1696 705,1696 705,1683 707,1681 708,1681 709,1680 712,1680 712,1681 712,1684 713,1685 713,1691 714,1691 801,1691 801,1691 801,1686 802,1685 803,1685 804,1684 806,1684 809,1681 811,1681 812,1680 813,1680 814,1679 815,1679 816,1678 818,1678 819,1677 842,1677 842,1678 842,1679 843,1680 843,1695 844,1695 928,1695 928,1695 928,1689 929,1688 929,1686 931,1684 931,1683 932,1682 932,1681 936,1677 936,1676 937,1675 939,1675 939,1675 939,1674 940,1673 941,1673 942,1672 946,1672 947,1671 964,1671 965,1670 967,1670 967,1670 967,1668 968,1667 993,1667 994,1666 996,1666 996,1667 996,1668 997,1669 997,1670 998,1671 998,1672 999,1673 1001,1674 1002,1674 1004,1676 1006,1676 1010,1680 1098,1680 1101,1677 1105,1677 1105,1677 1105,1676 1106,1675 1107,1675 1108,1674 1110,1674 1111,1675 1112,1675 1114,1677 1116,1677 1117,1678 1143,1678 1145,1681 1145,1684 1147,1685 1148,1685 1148,1686 1149,1687 1149,1688 1151,1689 1154,1689 1155,1690 1157,1690 1158,1691 1159,1691 1160,1692 1161,1692 1162,1693 1163,1693 1164,1694 1268,1694 1268,1694 1268,1692 1269,1691 1269,1690 1270,1689 1270,1687 1271,1686 1271,1684 1272,1683 1272,1682 1277,1677 1278,1677 1280,1675 1280,1668 1281,1667 1282,1667 1283,1668 1318,1668 1319,1669 1328,1669 1333,1675 1333,1688 1334,1688 1347,1688 1348,1689 1349,1689 1349,1690 1349,1695 1350,1695 1468,1695 1469,1694 1500,1694 1501,1693 1501,1692 1502,1691 1502,1689 1503,1688 1503,1687 1504,1686 1504,1683 1506,1681 1506,1680 1510,1676 1511,1676 1512,1675 1513,1675 1514,1674 1519,1674 1520,1673 1527,1673 1528,1674 1529,1674 1531,1676 1579,1676 1581,1678 1586,1678 1590,1683 1590,1696 1591,1696 1626,1696 1627,1697 1712,1697 1712,1697 1712,1689 1717,1684 1717,1683 1718,1682 1720,1682 1721,1681 1723,1681 1725,1679 1797,1679 1800,1676 1802,1676 1804,1674 1836,1674 1838,1676 1841,1676 1842,1677 1843,1677 1844,1679 1844,1681 1845,1682 1845,1699 1846,1699 1948,1699 1948,1699 1948,1675 1949,1674 1952,1674 1952,1675 1952,1747 1951,1748 1951,1814 1951,1814"/>
        <TextEquiv index="0">
          <Unicode>zweymal mit aller Nothdurfft verſehen laſſen.</Unicode>
        </TextEquiv>
        <TextEquiv index="1">
          <Unicode>zweymal mit aller Nothdurfft verſehen laſſen.</Unicode>
        </TextEquiv>
      </TextLine>
      <TextEquiv>
        <Unicode/>
      </TextEquiv>
    </TextRegion>
    <TextRegion id="r8" orientation="0.375" type="paragraph">
      <Coords points="240,2531 240,2172 414,2187 417,1970 1930,1970 1930,2531"/>
      <TextLine id="l84">
        <Coords points="238,2105 237,2104 236,1970 237,1970 240,1970 240,1970 240,1975 240,1976 616,1973 616,1974 616,1975 617,1975 626,1975 627,1976 1006,1974 1007,1975 1014,1974 1016,1976 1504,1973 1505,1974 1506,1974 1508,1976 1510,1976 1511,1977 1560,1977 1561,1978 1562,1978 1563,1979 1663,1978 1664,1979 1699,1979 1700,1980 1702,1980 1703,1981 1704,1981 1706,1983 1706,1984 1707,1985 1792,1984 1794,1987 1794,1988 1795,1989 1795,1994 1796,1994 1798,1994 1799,1996 1799,1998 1800,1998 1801,1998 1802,1999 1866,1999 1867,2000 1891,2000 1892,2001 1912,2001 1913,2002 1914,2002 1916,2004 1916,2005 1917,2006 1917,2007 1919,2009 1920,2009 1920,2009 1920,2010 1922,2012 1922,2013 1923,2014 1923,2015 1924,2016 1929,2015 1929,2016 1930,2088 1929,2088 240,2100 240,2100 240,2104 240,2105"/>
        <TextEquiv index="0">
          <Unicode>In Städtlein über der Moſel / in dem</Unicode>
        </TextEquiv>
        <TextEquiv index="1">
          <Unicode>In Städtlein über der Moſel / in dem</Unicode>
        </TextEquiv>
      </TextLine>
      <TextLine id="l85">
        <Coords points="1929,2194 1929,2194 1929,2174 1928,2173 1851,2174 1850,2173 1804,2173 1801,2170 1798,2170 1797,2170 1797,2169 1797,2168 1717,2169 1715,2167 1660,2167 1659,2166 1625,2166 1624,2165 1606,2166 1605,2165 1137,2168 1136,2169 1074,2169 1073,2170 1062,2170 1061,2171 1061,2172 1060,2173 1060,2174 1060,2175 1060,2176 1058,2178 1058,2179 1055,2182 1055,2183 1053,2184 1052,2184 1051,2185 1049,2185 1046,2188 902,2189 901,2190 762,2191 760,2193 758,2193 757,2194 743,2194 742,2193 741,2193 737,2189 737,2178 736,2177 650,2178 650,2178 650,2195 649,2196 649,2195 649,2178 648,2178 240,2181 240,2181 240,2195 239,2196 238,2196 238,2195 237,2105 238,2105 437,2103 439,2101 459,2101 459,2101 459,2100 459,2099 463,2099 464,2099 464,2097 464,2096 467,2096 468,2096 468,2094 468,2093 490,2093 491,2092 836,2090 837,2089 981,2088 983,2089 983,2090 984,2092 1439,2089 1440,2088 1441,2088 1442,2087 1448,2087 1450,2088 1450,2089 1451,2090 1451,2114 1452,2115 1929,2111 1929,2111 1929,2089 1929,2088 1930,2089 1931,2194 1930,2194"/>
        <TextEquiv index="0">
          <Unicode>Conderthal / gelegen. Andernacus von</Unicode>
        </TextEquiv>
        <TextEquiv index="1">
          <Unicode>Conderthal / gelegen. Andernacus von</Unicode>
        </TextEquiv>
      </TextLine>
      <TextLine id="l86">
        <Coords points="1930,2307 1929,2307 1929,2283 1929,2282 1780,2283 1779,2284 1779,2285 1779,2285 1715,2286 1714,2287 1713,2287 1712,2288 1711,2288 1710,2289 1709,2289 1708,2290 1707,2290 1706,2291 1705,2291 1704,2292 1700,2292 1699,2292 1699,2294 1698,2295 1698,2298 1697,2300 1693,2300 1691,2299 1691,2282 1691,2281 1655,2281 1654,2280 1620,2280 1619,2280 1615,2280 1614,2279 1525,2279 1524,2280 1523,2280 1522,2281 1521,2281 1520,2280 1473,2280 1472,2279 1279,2281 1278,2281 1278,2282 1277,2283 1277,2284 1276,2285 1276,2286 1273,2289 1273,2290 1267,2297 1266,2297 1264,2299 1263,2299 1262,2300 1256,2300 1254,2298 1254,2278 1254,2278 1198,2278 1197,2277 998,2279 997,2280 938,2280 937,2281 911,2281 910,2280 790,2281 789,2281 789,2282 787,2284 787,2285 786,2286 786,2288 785,2289 785,2290 783,2292 783,2293 782,2295 781,2295 779,2296 779,2297 779,2298 778,2298 777,2299 776,2299 775,2300 774,2300 773,2301 770,2301 769,2302 759,2302 758,2301 753,2301 746,2295 746,2291 745,2290 745,2289 745,2288 712,2288 711,2288 711,2287 710,2286 710,2285 709,2283 511,2285 509,2287 451,2287 450,2286 287,2287 285,2289 285,2290 285,2290 284,2290 283,2291 240,2292 240,2292 240,2314 240,2315 239,2315 238,2314 238,2196 238,2196 239,2196 240,2196 240,2208 240,2209 270,2208 271,2209 282,2209 283,2210 283,2218 283,2218 284,2218 286,2220 287,2220 290,2223 292,2223 293,2224 404,2223 406,2222 406,2219 407,2218 407,2217 407,2216 408,2216 409,2215 410,2215 411,2215 411,2213 412,2212 412,2210 412,2209 416,2209 418,2208 418,2207 418,2206 419,2206 420,2205 421,2205 422,2204 425,2204 426,2205 435,2205 437,2207 523,2207 525,2205 527,2205 529,2203 530,2203 531,2202 532,2203 535,2203 536,2204 537,2204 538,2204 538,2210 538,2211 556,2210 557,2211 557,2214 558,2215 559,2215 560,2216 561,2216 563,2218 565,2218 566,2219 567,2219 568,2220 569,2220 570,2221 572,2221 573,2222 732,2221 734,2220 734,2219 735,2218 735,2217 736,2216 736,2215 737,2213 740,2216 740,2217 741,2218 741,2221 741,2221 828,2221 829,2220 829,2214 830,2213 830,2212 831,2211 831,2210 832,2209 832,2208 834,2206 836,2206 837,2205 838,2205 839,2205 839,2210 839,2211 840,2211 843,2214 844,2214 845,2215 849,2215 850,2216 852,2216 856,2219 857,2219 858,2220 881,2220 882,2220 882,2195 882,2194 883,2194 884,2195 884,2220 884,2220 970,2220 973,2217 982,2217 983,2216 983,2199 983,2199 991,2199 994,2196 995,2196 997,2194 998,2194 1000,2196 1001,2196 1003,2197 1003,2199 1003,2200 1012,2199 1013,2200 1014,2200 1015,2201 1015,2203 1016,2204 1016,2205 1019,2208 1019,2210 1019,2210 1074,2210 1075,2211 1076,2211 1078,2213 1078,2218 1078,2218 1198,2217 1199,2218 1200,2218 1206,2224 1246,2224 1247,2225 1366,2224 1367,2224 1367,2218 1368,2217 1368,2214 1374,2208 1374,2206 1376,2203 1378,2203 1379,2203 1379,2202 1380,2200 1382,2200 1383,2199 1390,2199 1391,2198 1401,2198 1402,2199 1404,2199 1405,2199 1405,2200 1405,2201 1483,2200 1486,2203 1486,2215 1486,2215 1602,2215 1603,2214 1603,2213 1605,2211 1605,2210 1607,2208 1612,2208 1614,2209 1614,2212 1614,2213 1697,2212 1698,2211 1698,2210 1700,2208 1700,2207 1704,2203 1707,2203 1709,2201 1711,2201 1712,2200 1719,2200 1721,2201 1721,2202 1724,2206 1809,2205 1810,2206 1812,2206 1813,2207 1831,2207 1833,2209 1833,2211 1833,2211 1928,2210 1929,2210 1929,2195 1929,2194 1930,2194 1931,2195 1931,2307 1931,2307"/>
        <TextEquiv index="0">
          <Unicode>den Bädern / gedencket am 132. Blat / daß allda</Unicode>
        </TextEquiv>
        <TextEquiv index="1">
          <Unicode>den Bädern / gedencket am 132. Blat / daß allda</Unicode>
        </TextEquiv>
      </TextLine>
      <TextLine id="l87">
        <Coords points="1930,2445 1929,2445 1929,2399 1928,2398 1711,2400 1711,2400 1711,2401 1710,2402 1710,2404 1707,2407 1707,2408 1703,2413 1697,2413 1696,2414 1693,2414 1692,2415 1682,2415 1680,2414 1680,2413 1680,2412 1677,2412 1676,2411 1674,2411 1672,2410 1672,2409 1671,2408 1671,2407 1670,2406 1670,2397 1669,2396 1424,2398 1424,2398 1424,2405 1423,2406 1423,2408 1421,2411 1420,2411 1419,2412 1390,2412 1389,2413 1385,2413 1382,2411 1382,2409 1382,2408 1255,2409 1254,2410 1248,2410 1247,2411 1162,2411 1161,2411 1161,2410 1161,2410 1098,2410 1097,2409 1096,2409 1095,2408 1095,2402 1094,2401 1094,2393 1093,2393 1054,2393 1053,2392 1052,2392 1051,2391 1028,2391 1027,2390 900,2391 898,2393 897,2393 896,2392 762,2393 761,2394 717,2394 716,2395 649,2396 648,2397 645,2397 644,2398 643,2398 642,2399 624,2399 623,2398 617,2398 616,2397 615,2397 614,2396 421,2397 421,2398 421,2399 420,2400 420,2401 418,2403 418,2406 417,2407 417,2408 416,2409 416,2410 415,2411 414,2411 412,2413 412,2414 411,2415 410,2415 409,2416 404,2416 403,2417 401,2417 400,2418 398,2418 397,2418 393,2418 392,2417 388,2417 387,2416 387,2415 387,2415 384,2415 380,2411 380,2410 379,2409 379,2408 378,2407 378,2401 377,2401 240,2402 240,2402 240,2423 240,2424 239,2423 238,2315 239,2315 240,2315 240,2315 240,2321 240,2322 317,2321 318,2323 319,2336 319,2336 487,2335 488,2334 488,2333 490,2331 493,2331 494,2330 592,2329 595,2326 596,2326 597,2325 597,2324 600,2321 601,2321 603,2319 605,2319 608,2316 611,2316 613,2314 616,2314 617,2313 620,2313 621,2312 624,2312 626,2310 633,2310 634,2309 636,2309 637,2310 678,2310 679,2311 679,2312 680,2313 681,2333 681,2334 738,2333 739,2332 819,2332 822,2329 848,2329 849,2328 848,2320 850,2319 854,2319 857,2315 858,2315 859,2314 860,2314 860,2314 860,2313 861,2312 861,2311 863,2309 868,2309 869,2308 872,2308 874,2311 875,2329 875,2329 902,2329 903,2330 1093,2329 1095,2327 1094,2325 1096,2323 1096,2320 1097,2319 1097,2317 1099,2315 1099,2313 1103,2310 1104,2310 1105,2308 1105,2307 1107,2306 1108,2306 1109,2305 1116,2305 1116,2305 1116,2306 1118,2308 1124,2308 1126,2310 1126,2311 1127,2312 1127,2326 1128,2327 1271,2326 1273,2324 1274,2324 1275,2323 1276,2323 1277,2322 1304,2322 1306,2319 1306,2318 1307,2318 1308,2318 1311,2315 1395,2314 1396,2312 1396,2311 1397,2311 1399,2309 1400,2309 1402,2307 1408,2307 1409,2306 1429,2306 1430,2305 1437,2305 1438,2306 1572,2305 1573,2306 1578,2306 1580,2308 1581,2308 1582,2309 1614,2309 1616,2311 1617,2311 1617,2311 1618,2333 1618,2334 1799,2332 1801,2331 1801,2325 1803,2322 1806,2322 1807,2321 1808,2321 1809,2320 1929,2319 1929,2319 1929,2308 1930,2307 1931,2307 1931,2308 1932,2445 1932,2445"/>
        <TextEquiv index="0">
          <Unicode>ein guter Sauerbronn ſeye / deſſen Tugenden</Unicode>
        </TextEquiv>
        <TextEquiv index="1">
          <Unicode>ein guter Sauerbronn ſeye / deſſen Tugenden</Unicode>
        </TextEquiv>
      </TextLine>
      <TextLine id="l88">
        <Coords points="240,2424 1026,2419 1026,2526 240,2531"/>
        <TextEquiv index="0">
          <Unicode>er daſelbſt beſchreibet.</Unicode>
        </TextEquiv>
        <TextEquiv index="1">
          <Unicode>er daſelbſt beſchreibet.</Unicode>
        </TextEquiv>
      </TextLine>
      <TextEquiv>
        <Unicode/>
      </TextEquiv>
    </TextRegion>
    <TextRegion id="r9" type="catch-word">
      <Coords points="3169,6352 3169,6060 3619,6060 3619,6352"/>
      <TextEquiv>
        <Unicode/>
      </TextEquiv>
    </TextRegion>
    <TextRegion id="r10" type="signature-mark">
      <Coords points="2264,6342 2264,6060 2692,6060 2692,6342"/>
      <TextEquiv>
        <Unicode/>
      </TextEquiv>
    </TextRegion>
    <TextRegion id="r11" type="header">
      <Coords points="480,216 3414,223 3386,450 2734,430 2692,449 2645,427 2381,442 1582,411 1473,438 1224,430 1161,437 1129,405 673,407 600,435 484,426"/>
      <TextEquiv>
        <Unicode/>
      </TextEquiv>
    </TextRegion>
    <TextRegion id="r12" type="page-number">
      <Coords points="3477,443 3477,286 3644,286 3644,443"/>
      <TextEquiv>
        <Unicode/>
      </TextEquiv>
    </TextRegion>
    <TextRegion id="r13" type="drop-capital">
      <Coords points="235,2184 235,1964 417,1964 417,2184"/>
      <TextEquiv>
        <Unicode/>
      </TextEquiv>
    </TextRegion>
    <TextRegion id="r14" type="drop-capital">
      <Coords points="1953,2659 1953,2458 2096,2458 2096,2659"/>
      <TextEquiv>
        <Unicode/>
      </TextEquiv>
    </TextRegion>
    <TextRegion id="r15" type="drop-capital">
      <Coords points="235,2950 235,2699 470,2699 470,2950"/>
      <TextEquiv>
        <Unicode/>
      </TextEquiv>
    </TextRegion>
  </Page>
</PcGts>
