3870 6490
1944 1331 3697 1472 ſeinen Urſprung haben ſolle. Beſiehe hievon
1943 1455 3696 1583 P. Bertium lib 3. German. in Beſchreibung
1943 1576 3696 1695 dieſer Stadt. Und deßwegen vermeynet die⸗
1942 1687 3695 1805 ſelbe / daß ſie / vom Anfang her / frey geweſen:
1942 1791 3694 1917 Ob ſchon die Graffen von Arnsberg / oder
1942 1906 3694 2030 Areburg / ihre Reichsvögte waren / die das
1941 2019 3693 2140 Hochgericht beſtellt / den Blutbann daſelbſt ge⸗
1941 2135 3693 2250 habt; und ihre Gerechtigkeit hernach den Ertz⸗
1940 2242 3693 2365 biſchoffen allhie / überlaſſen haben. Es hat
1940 2354 3692 2477 aber die Stadt mit hochgedachten ihren Ertzbi⸗
1939 2466 3692 2589 ſchoffen / der Freyheit halber / viel Streits ge⸗
1939 2577 3691 2699 habt / wie hie unten in den Geſchichten ange⸗
1938 2688 3691 2810 zeigt werden wird / biß / zun Zeiten Käyſers
1938 2789 3690 2921 Maximiliani deß Erſten / die Sach den Herrn
1937 2905 3690 3031 Churfürſten zu erörtern übergeben / und end⸗
1937 3019 3689 3143 lich dieſelbe verglichen / auch die Stadt in ihrer
1936 3131 3689 3257 alten Poſſeſſion gelaſſen worden iſt. Es hat
1936 3243 3688 3366 aber der Herr Ertzbiſchoff noch viel Gerech⸗
1935 3353 3688 3481 tigkeit in dieſer Stadt / nicht allein in Geiſtli⸗
1935 3466 3687 3593 chem / ſondern auch in Weltlichem / was nem⸗
1934 3575 3687 3701 lich / inſonderheit den Blutbann / und Hochge⸗
1934 3689 3686 3816 richt anbelangt / und die vorgemeldte Graffen
1933 3801 3686 3925 von Arnsberg / vorzeiten allda gedacht haben.
1933 3904 3685 4039 Es hat zwar E. E. Hochw. Raht Macht die
1932 4015 3685 4153 Beklagte gefänglich einzuziehen / mag auch
1932 4132 3684 4265 wider ſie inquiriren: Aber das urtheilen / und
1931 4241 3684 4375 ledig⸗ſprechen / und alſo der fürnehmſte Ge⸗
1931 4356 3683 4488 walt / iſt deß Ertzbiſchoffs. Daher es geſche⸗
1930 4467 3683 4600 hen kan / daß die jenige / ſo der Raht deß Tods
1930 4579 3682 4713 würdig zu ſeyn / erkennet / deß Ertzbiſchoffs
1929 4680 3682 4827 Schultheiß ledig ſpricht. Der Eyd / ſo die
1929 4795 3681 4940 Stadt ihrem Ertzbiſchoff zu thun / im Brauch
1928 4913 3681 5052 hat / lautet alſo: Dieſen Tag heut / und dieſe
1928 5023 3680 5158 Tag all / und von dieſem Tag fort / hulden wir
1927 5137 3680 5275 freye Bürger zu Cölln / unſerm Herrn N.
1927 5245 3679 5388 Churfürſten zu Cölln / trew und hold zu ſeyn /
1926 5364 3679 5501 als lang er uns hält in Rechte / und Ehren / bey
1926 5473 3678 5612 unſer guter alter Gewonde / die wir / und unſere
1925 5571 3678 5720 Vorfahren / herbracht haben; behalten uns /
1925 5698 3677 5830 unſern Weibern / und Kindern / unſer Stadt
1924 5801 3677 5977 Cölln / ſondere arge Liſt / ſo uns GOtt helffe /
1924 5922 2721 6040 und ſeine Heiligen / ꝛc.
1923 6030 3676 6183 Im Anhang deß H. Reckmanns Lübecki⸗
981 1350 1939 1476 S haben vorzeiten
988 1476 1940 1580 die UBII, die Wetteraw /
989 1579 1940 1693 und den Weſterwald /
996 1688 1941 1806 ſat einem Theil Heſſen⸗
989 1800 1942 1918 lands / da Marpurg / und
989 1915 1943 2026 Gieſſen ligen / innen ge⸗
984 2025 1944 2138 habt: Weiln ſie aber kei⸗
267 2135 1948 2250 nen Fried vor den Heſſen hatten / ſo haben ſie
264 2248 1950 2361 umbs Jahr vor Chriſti Geburt 35. erlangt /
266 2361 1951 2472 daß ſie möchten über Rhein / in Galliam zie⸗
263 2469 1951 2581 hen: Allda auß Vergünſtigung Käyſers Au-
267 2580 1951 2692 guſti, ihnen die Felder / ſo vorhin die Condru-
271 2690 1951 2801 ſi innen gehabt / auch ein Theil von der Eburo-
272 2799 1951 2914 num, und Menapiorum Land / eingegeben
268 2911 1950 3020 worden / alſo / daß ſie einen guten Theil vom
271 3016 1949 3132 Hertzogthumb Gülch / und das Stifft Cölln
274 3132 1949 3243 faſt gantz eingehabt haben. Und werden ſie /
269 3239 1948 3354 ſonders zweiffels / gleich nach ihrer Hinüber⸗
270 3347 1948 3466 kunfft / die Stadt Cölln erbauet haben / dahin /
269 3455 1947 3575 nach fünff und achtzig Jahren / nemlich im
267 3568 1946 3690 Jahr nach Chriſti Geburt 50. auß Befelch
264 3682 1946 3800 Juliæ Agrippinæ, eine Tochter Germanici,
267 3790 1945 3910 Käyſers Claudii Gemahlin / und Käyſers
265 3897 1944 4023 Neronis Mutter / ſo daſelbſt gebohren / ein
267 4011 1944 4128 Römiſch erbauendes Volck / oder Colonia,
232 4118 1943 4243 iſt geführet worden: Daher dieſe Stadt Cölln /
265 4233 1943 4356 von denen dahin geſetzten Römern / und ihr / der
269 4339 1943 4464 Käyſerin / Name / Colonia Aggrippinen-
269 4455 1942 4576 ſis, und die obgedachte UBII, ſelbſten nach⸗
265 4564 1942 4683 mals Agrippinenſes ſeyn genannt worden.
266 4674 1921 4796 Und daher vergleicht ſich noch dieſer deß heili⸗
267 4784 1920 4901 gen Römiſchen Reichs⸗ und Germaniæ Se-
270 4890 1920 5015 cundæ Hauptſtatt / Regiment / in vielen Stü⸗
265 5004 1918 5130 cken / mit dem vorzeiten wol angeſtellten / und
264 5115 1916 5246 geweſten Römiſchen; wie in dem erſten Theil
262 5225 1914 5355 deß Georgen Braunen Städtbuchs mit meh⸗
258 5343 1932 5473 rerm hievon zu leſen. Und dahero die jenige
247 5450 1932 5579 die Sach nicht recht verſtanden / welche in ih⸗
258 5560 1930 5696 rer Außtheilung / dieſe Stadt / unter die Vier
258 5670 1929 5806 Bauren deß Reichs / geſetzt / weiln der Bürger⸗
258 5783 1930 5916 meiſter⸗Knecht / in einem Baurenkleid / einen
262 5889 1931 6031 Stecken tragende / ihnen nachgehen; da doch
250 5999 1933 6151 ſolcher Stecken auch noch von den Römern
1601 893 2296 1196 Cölln.
