3870 6490
1978 425 3705 559 ctoris der Hohen Schul allda / dardurch an⸗
1974 544 3704 694 zuzeigen: Davon Nicolaus Reuſnerus alſo
1975 652 2407 757 geſchrieben:
2079 759 3702 908 Quæ tres oſtentat Clypeo Regina Co-
2195 899 2610 957 ronas
2100 975 3072 1091 Tot urbium Coloniæ:
2082 1082 3699 1238 Tresne poteſtates notat, & quibus emi-
2234 1207 2748 1313 net ipſa,
2215 1303 3312 1421 Tres dignitates maximas?
2074 1409 3696 1566 Principis una ſacri, Magnique ſecunda
2402 1531 2752 1640 Senatus,
2212 1638 3198 1749 Academiæque tertia.
2067 1733 3694 1895 Felix Urbs, in qua Pietas, Sapientia, Vir-
2159 1878 2495 1949 tus,
2205 1958 3406 2086 Cives coronat ſplendidos!
2060 2068 3691 2226 Funiculus triplex haut rumpitur: inclu-
2418 2186 2791 2298 ta ſemper
2195 2290 3215 2411 Urbis Corona quæ triplex
2062 2396 3688 2558 Fulgeat; & totam radiis illuminet urbe,
2199 2513 3120 2599 Concordiæ nodus facit.
2005 2612 3686 2745 Was deß Herrn Ertzbiſchoffs / ſo der höch⸗
1958 2724 3685 2857 ſte Regierer deß Geiſtlichen hohen Stands
1958 2839 3684 2963 allhie iſt / Bottmäſſigkeit anbelangt / ſo iſt da⸗
1941 2947 3683 3075 von allhie oben allbereit etwas geſagt worden:
1940 3046 3682 3184 Kot auch hieunten noch ein mehrers hievon
1939 3164 3681 3290 ein. Sie / die Stadt / wird Bürgerlich alſo re⸗
1937 3268 3680 3400 giert: Daß zwar ſechs Bürgermeiſter; aber
1936 3382 3679 3510 nur zween das Jahr über regieren: Die andere
1935 3491 3678 3617 zween der Stadt Pfenning Verwaltung /
1934 3595 3677 3731 oder der Rent⸗Cammer / vorgeſetzt ſeyn: Und
1933 3705 3676 3840 die übrige zween feyren / biß die Ordnung wie⸗
1932 3815 3675 3950 der an ſie kot / und den beyden / ſo vom Regi⸗
1930 3927 3674 4057 ment abtreten / ſuccediren. Darneben haben
1929 4033 3673 4167 ſie ihre Verwalter / Richter / Wachtmeiſter /
1928 4144 3672 4279 Einnehmer / Baumeiſter / Proviantmeiſter /
1927 4258 3671 4386 und dergleichen / welche fürnemlich der Bür⸗
1926 4367 3670 4493 ger Sachen entſcheiden / oder zu entſcheiden
1925 4475 3669 4609 befehlen. Es iſt aber die gantze Bürgerſchafft
1924 4583 3668 4719 in 22. Zünfften eingetheilet / ſo ſie Gaffelen
1922 4700 3667 4831 nennen / und keiner / er ſey Edel / gelehrt / oder /
1921 4809 3667 4942 wie er ſeyn mag / das Bürgerrecht erlangen
1920 4914 3666 5051 kan / wann er ſich nicht in eine der gemeldten
1919 5020 3665 5161 Zünffte begiebet. Dann das Regiment dieſer
1918 5137 3664 5270 Stadt beſtehet nicht auß ſonderbaren Ge⸗
1916 5242 3663 5380 ſchlechten / ſondern auß dem Volck; auß wel⸗
1915 5354 3662 5488 chem / oder den Zünfften / 49. Perſonen in den
1914 5458 3661 5603 Rath erkieſen werden. Die übrige / ſo nicht
1913 5571 3660 5714 Bürger / werden Beygeſchworne genannt.
1912 5675 3659 5823 Jährlich auff S. Johannis deß Täuffers
1910 5796 3658 5937 Tag wird die Wahl vorgenommen / und die
1909 5909 3657 6042 jenigen / ſo verſtändig / fromm / und mit Tu⸗
1909 6019 3656 6140 genden begabt / auch gutes Leutmunds ſeyn /
280 418 1934 539 ſcher Chronick ſtehet pag. 293. ſeq. alſo: Wa
281 536 1956 646 ein Biſchoff zu Cölln zu Chor gehet / gehet
280 642 1956 754 ihm der Zentgrafe vor / das iſt der Blut⸗
277 754 1955 866 Richter: Trägt einen dicken weiſſen Bengel /
275 861 1953 979 Arms dick / zweyer Elen lang. Demnach trägt
275 970 1952 1086 ein Knecht ein gülden Schwerd / aufrecht in ei⸗
273 1080 1951 1193 ner Scheiden. Darnach gehen zween Vor⸗
272 1190 1950 1301 lende der Stifft / trägt einer ein grünen / der
270 1298 1949 1415 ander ein weiſſen Flegel von Sammet / auff
268 1413 1948 1522 der Schultern / zu bezeugen / daß Cölln ein
267 1517 1947 1633 Baumann / und ein Bauherr deß Reichs ſey /
266 1627 1945 1737 und der Biſchoff ein Haupt darüber. Und die⸗
257 1734 1943 1852 ſes hat ermeldte Chronick. Im übrigen iſt
262 1841 1942 1959 Cölln / wie obgemeldt / eine Reichsſtadt / erken⸗
260 1951 1942 2066 net den Kaiſer für ihren Herrn / hat ihre beſon⸗
262 2061 1941 2176 dere Freyheiten / Regalien und Policey⸗Ord⸗
255 2176 1940 2287 nungen / in welchen unter andern alſo ſtehet:
260 2278 1938 2394 Es iſt zu wiſſen / daß ein Stadt von Cölln ein
255 2385 1937 2504 freye Reichsſtadt / und alle Bürger freye Kö⸗
254 2501 1936 2611 nigliche Bürger ſeynd / und frey gehuld von
252 2605 1935 2723 einem Röm. König / ꝛc. Und iſt ihr / der Stadt
252 2716 1934 2828 monatlich einfacher Reichs Anſchlag gewe⸗
251 2824 1933 2934 ſen / 25. zu Roß / und 200. zu Fuß: Wiewol ſie
250 2932 1919 3044 ſich folgends wegen der Niderländiſchen Krie⸗
249 3043 1919 3153 ge entſchuldiget; und daher P. Matth. Weh-
249 3153 1918 3262 nerus, in pract. Juris Obſervationibus, nur
254 3257 1915 3372 825. Gülden ſetzet. Es iſt Cölln auch eine
244 3368 1912 3483 Hanſee⸗Stadt / und zwar das Haupt deren /
244 3474 1909 3591 ſo in den Niderlanden und Weſtphalen ligen.
243 3582 1910 3703 Iſt in den Hanſeatiſchen Bund umbs Jahr
244 3697 1906 3808 Chriſti 1201. kommen. Es ſeyn aber die beſag⸗
240 3805 1904 3919 te Städte / deren Haupt Cölln iſt / nachfolgen⸗
250 3910 1906 4020 de: Als / Duisburg / Weſel / Embrick / War⸗
237 4023 1908 4136 burg / Unna / Hamm / Münſter / Minden /
237 4131 1906 4248 Oſnabruck / Dortmunt / Söſt / Herford / Pa⸗
236 4240 1902 4356 derborn / Lemgou / Bilfeld / Lipſtatt / War⸗
236 4347 1899 4467 berg / Cosfeld; Nieumagen / Zutphen / Rur⸗
234 4457 1915 4582 mund / Arnheim / Venloo / Thiela / Bommel /
236 4567 1914 4696 Elburg / Hardewick; Antorff / Maſtricht /
232 4680 1913 4792 Bruck / Daventer / Campen / Swoll / Briela /
234 4786 1896 4904 Dordrecht / Enckhuſen / Wieringen / Grö⸗
209 4905 1897 5015 ningen / Bolswerd / Staveren / Woreum /
231 5008 1892 5127 Hinlopen / Embden / Middelburg und Zirck⸗
231 5121 1894 5231 ſee / ꝛc. deren Archivum bey der Stadt Cölln
232 5225 1893 5343 iſt: Dahin ſie auch in wichtigen Sachen die
232 5332 1894 5458 Kauffmanſchafft / ꝛc. betreffende / beruffen
232 5452 1892 5564 werden; ſonderlich / wann zu Lübeck / als in
232 5550 1900 5681 der Hauptſtadt aller Hanſee⸗Städt ein allge⸗
230 5670 1895 5784 meiner Städttag gehalten werden ſolle. Es
231 5775 1905 5903 führet Cölln in ihrem Schild drey Kronen /
230 5888 1905 6015 das dreyfache Regiment in der Stadt / als deß
236 5994 1891 6144 Herrn Ertzbiſchoffs / deß Raths / und deß Re-
