3870 6490
221 402 1913 540 ohne Anſehung deß Stands in den Zünfften /
227 516 1913 651 und zwar deren 36. mit der mehrer Stimm er⸗
228 627 1912 761 wehlet; welche 36. Rathsfreunde / wieder 13.
227 746 1899 866 andere auß den Zünfften erkieſen / damit die
202 851 1895 979 Anzahl der 49. Rathsherrn völlig ſeye. Und
231 961 1896 1083 werden die beſagte 36. von den Zünfften auffs
226 1080 1891 1199 Rahthauß geführet / da ſie den Eyd ablegen /
233 1190 1894 1306 und alſobalden darauff die gedachte 13. ſo man
227 1295 1894 1417 Gebrechsherrn nennet / die ſätliche 49. Per⸗
188 1408 1895 1531 ſonen aber die zween Ats⸗Burgermeiſter
224 1519 1890 1638 auß ihrem Mittel erwehlen; deren Anſehen
229 1637 1892 1748 nicht gering iſt / ſonderlich bey geheimen und
228 1742 1892 1857 wichtigen Rathſchlägen / darzu ſie auß dem
231 1854 1895 1970 Rath die älteſte erkieſen / und zu ſich nehmen /
235 1958 1891 2076 ſo deßwegen der Außſchuß genannt wird. Ob
233 2070 1908 2186 aber ſchon / wie gehört / jährlich ein neue Wahl
232 2186 1919 2307 vorgenommen wird / ſo werden doch die jenige /
232 2291 1923 2406 ſo vorhin im Rath geſeſſen / nicht leichtlich / es
226 2397 1921 2522 ſeyen dann ſonderbare Urſachen vorhanden /
225 2510 1896 2623 übergangen: Sondern man hält dieſe Ord⸗
230 2623 1891 2732 nung / daß die jenigen / ſo dieſes Jahr oben an
231 2727 1895 2842 geſeſſen / das folgende ein nidere Stell beſitzen /
232 2846 1894 2952 und weniger zu verrichten haben; im dritten
179 2954 1901 3060 Jahr gar feyren; im vierdten aber wieder zum
236 3059 1903 3166 Regiment durch die Churſtimmen erkieſen
238 3165 1903 3276 werden. Es hat jede Zunfft ihr eigen Hauß /
228 3277 1904 3384 (wie zu Straßburg) da ſie zuſammen koen /
233 3382 1919 3496 und an den Sonntägen ein gutes Geſpräch ꝛc.
227 3496 1919 3606 und mäſſigen Trunck / ꝛc. anſtellen und halten.
227 3599 1918 3726 In Juſtitzſachen beſtehet das Ertzbiſchoffli⸗
226 3716 1916 3828 che Hochgericht von 10. Perſonen / deſſen
226 3824 1914 3937 Vorſteher oder Præſident nach alter Gewon⸗
226 3936 1914 4046 heit / der Graf genannt wird / und der 9. Bey⸗
231 4046 1914 4163 ſitzer oder Schöffen hat / welche alle nicht al⸗
224 4156 1913 4268 lein Einwohner zu Cölln / ſondern auch ligen⸗
229 4262 1912 4383 de Güter allda haben müſſen. Beſagter Præ⸗
225 4370 1911 4491 ſident kan in Maleſitzſachen auch kein Execu-
233 4489 1911 4602 tion vornehmen / wa nicht / vor Schöpffung
231 4598 1910 4709 deß Urthels über die Ubelthäter / in offentli⸗
227 4703 1909 4820 chem Gericht / ſie die Delinquenten eine Nacht⸗
226 4815 1892 4933 lang deß Grafen von Neuenar Bottmäſſig⸗
223 4928 1907 5045 keit übergeben werden. Dann der Grafen von
222 5033 1886 5155 Neuenar / oder Neonardenſium Erbgerech⸗
221 5149 1884 5264 tigkeit ſolches mit ſich gebracht / daß er der
213 5257 1879 5376 Stadt erblicher Richter / wegen deß Orts
217 5365 1872 5470 Grund und Boden wäre / da die Stadt erwei⸗
213 5477 1869 5599 tert worden iſt. Daher hatte ein Graf die be⸗
211 5589 1873 5714 freyte Bottmäſſigkeit über etliche Theil der
218 5699 1873 5825 Stadt / die vor der Zeit auſſerhalb derſelben ge⸗
211 5813 1868 5937 legen geweſen / folgends aber auß ſeiner Zulaſ⸗
207 5920 1871 6045 ſung durch ſonderbare Beding / zugleich in die
203 6028 1879 6184 Ringmauren eingeſchloſſen worden ſeyn. Es
1879 369 3682 506 iſt zwar ſelbiges Grafen Geſchlecht mit Graf
1880 496 3682 620 Adolphen dem Letzten abgeſtorben; aber die
1880 610 3683 732 Grafen von Bentheim haben ſie / wie in an⸗
1881 721 3683 844 derm / alſo auch in dieſem geerbt; wie ſie da ih⸗
1881 825 3684 981 ren Bevollmächtigten deßwegē zu Cölln habē.
1882 943 3684 1058 Aber wieder auff den Præſidenten oder
1882 1025 3685 1180 Grafen deß Ertzbiſchofflichē Hohen Gerichts
1883 1165 3685 1288 zu kommen / ſo mag derſelbe die / wegen Male⸗
1883 1282 3686 1399 fitzſachen Gefangene / nicht allein auff unter⸗
1884 1392 3686 1512 ſchiedliche Weiſe examiniren / ſondern gar in
1884 1503 3687 1620 ſeinem Hauſe / in Gegenwart 2. Schöffen und
1885 1615 3687 1734 deß geheimen Schreibers / foltern laſſen: Wie⸗
1885 1721 3688 1841 wol / wa es Hexen oder Unholden anbetrifft /
1886 1836 3688 1954 drey Rahtsherrn ihme auß Geheiß und Zulaſ⸗
1886 1951 3689 2067 ſung deß Herrn Churfürſten / gewiſſer Urſa⸗
1887 2060 3689 2178 chen halber / zugeben werden; welche / nach Er⸗
1887 2171 3690 2285 örterung der Sachen das Urtheil fällen / und
1888 2280 3690 2397 ſelbiges / wann zuvor der Grafen von Bent⸗
1888 2394 3691 2510 heim obgedachtem Privilegio ein Genügen
1889 2507 3691 2618 geſchehen / vollziehen: Wie hievon / Item / von
1889 2617 3692 2728 deß Herrn Ertzbiſchoffs Bottmäſſigkeit in
1890 2720 3692 2840 Bürgerlichen; und ſeines Officialis, oder
1890 2832 3693 2951 Geiſtlichen Richters / in Kirchen / ꝛc. Sachen;
1891 2948 3693 3063 und was deßwegen im Jahr 1506. verglichen
1891 3056 3694 3174 worden / beym Joh. Angelio a Werdenh.
1892 3166 3694 3280 part. 4. c. 1. fol. 4. 10. & 11. Item, Joh. Limnæo
1892 3276 3695 3391 lib. 7. de Jure publico c. 10. n. 5. 6. & 7. mit
1892 3382 3695 3501 mehrerm zu leſen iſt. Im übrigen hat ein jede
1893 3490 3695 3612 Zunfft ihren Bannerherrn oder Fendrich / und
1893 3609 3696 3721 ein jeder derſelben einen Schlüſſel zu dem Ge⸗
1894 3716 3696 3836 mach / in welchem der Stadt Freyheiten und
1894 3822 3697 3949 Hauptbrieff verſchloſſen ligen; wie auch einen
1895 3930 3697 4056 Schlüſſel zu der Stadt Schatz⸗ und Rent⸗
1895 4048 3698 4173 Cammer / daß man zu aller Zeit / wann es die
1896 4151 3698 4284 Nothdurfft erfordert / oder etwan ein Arg⸗
1896 4272 3699 4393 wohn verſpüret wird / bey Nacht und Tag vi⸗
1897 4383 3699 4506 ſitiren / und darauff den Zünfften auffrichtigen
1897 4486 3700 4617 Bericht erſtatten köe. Endlich / was die dritte
1898 4596 3700 4729 Obrigkeit allhie / nemlich / den Rectorn der
1898 4712 3701 4843 Hohen Schul oder Univerſität anbelangt / ſo
1899 4826 3701 4949 hat er / ſampt den 4. Dechanten / oder Decanis
1899 4937 3702 5067 Facultatum, bey derſelben völligen Gewalt
1900 5047 3702 5177 über die jenigen / ſo ſolcher Hohenſchul unter⸗
1900 5160 3703 5289 worffen / ſo wol in Criminal oder Peinlichen;
1901 5272 3703 5399 als auch in Civil / oder denen Sachen / ſo unter
1901 5383 3704 5513 die vorige nicht gerechnet werden. Und iſt er
1902 5495 3704 5625 nicht allein Richter / ſondern auch ein Verwah⸗
1902 5609 3705 5735 rer und Beſchützer der Hohenſchul Freyhei⸗
1903 5720 3705 5846 ten / welche ein Tochter der Pariſiſchen; und
1903 5829 3706 5959 eine Mutter deren zu Löven in Braband iſt;
1904 5944 3706 6068 und welche ein Rath allhie auff ſeinen Unko⸗
1904 6058 3707 6183 ſten im Jahr 1388. eingeführet / und dieſelbe
