3870 6490
1968 397 3691 536 dieſes geſchrieben worden. Es iſt aber unter den
1965 505 3689 646 erzehlten Kirchen inſonderheit die Ertzbiſchoff⸗
1963 612 3682 760 liche / oder der Dom zu S. Peter / zu beſichtigē /
1961 725 3679 862 ſo An. 1248. zu bauen angefangen / aber bißda⸗
1960 832 3685 974 her nicht außgebauet worden; ſonſten ſolche /
1957 945 3683 1088 wegen ihrer Weitläufftigkeit und Gröſſe alle
1955 1053 3687 1203 in Teutſchland übertreffen würde; und könte
1953 1162 3684 1308 ſolche Kirch unter die Wunderwerck in Euro-
1952 1277 3678 1416 pa gezehlet werden. Es wird in ſolcher / nach
1950 1385 3676 1527 altem Herkommen / jedes Jahr der Churfürſtl.
1948 1494 3668 1639 Regierung ein neuer Stecken angehangen / da⸗
1946 1608 3673 1747 mit andeutend / wie viel Jahr ein jeglicher
1944 1714 3660 1860 Churfürſt dem Ertzbiſtthumb fürgeſtandē ſey.
1942 1826 3667 1972 Es werden auch hierinn die Cörper der H. drey
1940 1936 3661 2085 König / wie mans insgemein nennet / oder der
1938 2039 3663 2191 Weiſen auß Morgenland / in einer rings her⸗
1937 2161 3677 2299 umb mit ſtarcken Eiſen vergitterten Capelln /
1935 2269 3674 2416 mit vielen ſtattlichen Pocaln gewieſen / die der
1933 2374 3668 2527 Ertzbiſchoff Reinholdus von Daſſelt / vom
1931 2484 3663 2634 Kaiſer Friderico I. als er Meyland eingenom⸗
1929 2598 3666 2752 men / außgebäte / und hieher geführet hat. Man
1927 2704 3680 2863 findet auch da vieler Hertzogen / Fürſten und
1925 2810 3668 2967 Biſchoffe Monumenta von Ertz und Alaba⸗
1924 2926 3654 3080 ſter. Beſagter Reinoldus, ſolle auch der Mac⸗
1922 3039 3651 3186 cabeer Gebeine hieher gebracht haben / und die⸗
1921 3144 3657 3303 ſelbe in ihrer eigenen Kirchen ligen. In der eilff
1921 3259 3664 3418 tauſend Jungfrauen (oder Mägd / ſo mit S.
1921 3362 3666 3528 Urſula allhie ſollen ſeyn erſchlagen worden)
1920 3477 3664 3637 Kirchen / ſeyn etlich tauſend Köpff mit Sei⸗
1918 3591 3658 3746 dengezeug überzogen / und alſo in der Kirchen
1914 3700 3651 3854 auff beyden Seiten gar ordentlich in die Hö⸗
1911 3811 3653 3969 he in unterſchiedliche Käſtlein geſetzt. Die
1909 3922 3655 4078 Carthauß / das Jeſuiter Collegium: Item / die
1907 4031 3655 4191 Kirchen S. Severini, S. Catharinæ, S. Joan. S.
1903 4149 3660 4302 Georgii, S. Jacobi, S. Panthaleonis, (deſſen
1901 4245 3654 4412 Stiffts Vorſteher Henricus Anno1641. auf
1899 4372 3654 4526 dem Reichstag zu Regenſpurg Seſſion gehabt
1899 4476 3646 4628 hat) S. Martini, S. Albani, S. Claræ, S. Cuni-
1896 4594 3647 4745 berti, der Carmeliten und der Auguſtiner ſeyn
1894 4704 3673 4858 auch zu ſehen. In der Kirchen zu allen Apoſteln
1892 4817 3651 4963 iſt eine Tafel von einem Weib / ſo für todt be⸗
1897 4930 3652 5091 graben / aber wieder zurecht kommen iſt. In
1892 5039 3641 5195 der Prediger Kirch iſt deß Alberti Magni,
1891 5151 3637 5306 weiland Biſchoffs zu Regenſpurg Grab / vor
1889 5261 3639 5417 dem hohen Altar; und werden allda feine ge⸗
1886 5372 3637 5527 ſchriebene Sachen von ihme: Item / ſein
1881 5481 3636 5642 Trinckgeſchirr von lauter Cryſtall; wie auch
1879 5597 3634 5750 ein Dorn von der Kron / und ein Creutzlein
1878 5714 3632 5864 von dem Holtz deß Creutzes Chriſti / und ein
1875 5817 3633 5972 Fuß von einem unſchuldigen Kindlein ge⸗
1875 5937 3634 6083 wieſen. In S. Gerionis Tempel ſoll nicht al⸗
1871 6049 3629 6220 ein er / ſondern auch viel hundert Märtyrer /
274 395 1944 520 Pabſt Urbanus der VI. befreyet hat. Auſſer
267 504 1950 629 welcher auch drey Gymnaſia, oder offentliche;
266 615 1947 737 und über die hundert andere und privat⸗Schu⸗
264 735 1591 845 len allhie gezehlet werden ſollen.
281 818 1938 956 Man hält Cölln vor die gröſte Stadt in
258 947 1935 1066 gantz Teutſchland / ſo wol diß als jenſeit deß
257 1058 1935 1177 Rheins. Hat keine Vorſtädte / ligt wie ein Bo⸗
254 1168 1952 1288 gen nach der Länge am Rhein / über welchen
254 1280 1950 1394 Kaiſer Conſtantinus da eine Brücken ge⸗
253 1386 1949 1507 ſchlagen / die aber Kaiſer Otto der Groſſe mit
247 1499 1947 1616 bedachtem Rath wieder hinweg gethan hat.
247 1610 1945 1725 Anno 1180. iſt die Stadt erweitert worden.
247 1718 1943 1838 Hat jetzt 82. oder 83. Thürn zur Beſchützung
244 1832 1942 1951 herumb: Item / einen doppelten (einer ſagt / ei⸗
232 1941 1940 2057 nen trucknen tieffen) Graben / und ſtarcke hohe
241 2049 1938 2168 Mauren / mit bedeckten Gängen; innerhalb
237 2161 1937 2277 derſelben auch hin und wieder Weingärten /
232 2271 1935 2389 Apffel⸗ und andere fruchtbare Bäume; ſchöne
238 2381 1933 2498 Spatziergäng und Luſtbarkeiten / in und auſ⸗
234 2485 1907 2611 ſer der Stadt; und 34. Thor. Iſt ſonſten
228 2604 1928 2719 auch wol erbauet / und ſtehen ſonderlich umb
229 2710 1928 2829 das Rahthauß auff dem Marckt anſehnliche
227 2822 1926 2934 Häuſer; ingleichem auch auff dem Heu⸗
224 2932 1924 3046 marckt. Die Gaſſen ſeyn ſchön weit / und mit
221 3041 1916 3158 breiten Steinen gepflaſtert. Theils ſagen von
221 3155 1905 3264 11. Stifftern oder Collegiis Canonicorum,
230 3260 1908 3376 12. Manns⸗ und 10. Jnngfrauen Clöſtern /
214 3374 1899 3489 und 19. Pfarrkirchen / deren theils doch auch
213 3484 1913 3598 Canonicaten und Præbenten haben / ſo allhie
211 3593 1911 3711 zu finden. Andere ſetzen 19. Pfarrkirchen / 10.
212 3701 1903 3817 Stifftkirchen / 15. Mönchsklöſter / 22. Jung⸗
207 3815 1909 3932 frauen Clöſter / (unter welchen 8. die auff dem
207 3926 1907 4045 Haupt ſchwartze Wielen tragen) 60. oder 59.
168 4033 1906 4152 anderer Bäginenen oder Nonnen (welche ins⸗
167 4148 1904 4262 gemein Schweſtern genannt werden) und al⸗
204 4256 1902 4373 ter Weiber / Convent / 30. Capellen / 2. Gäſt⸗
196 4366 1902 4486 häuſer oder Hoſpitäl / 2. Siechen⸗ oder Kran⸗
191 4481 1900 4596 ckenhäuſer. 8. Häuſer / darinn Alters halben
191 4587 1898 4708 unvermögene Männer und Weiber verſor⸗
194 4702 1897 4821 get werden: Item / ein Findelhauß / und das
194 4811 1895 4935 Hauß / darinn man die Unſinnige gefangen
190 4923 1890 5043 hält / ſo die Cöllner das Hundshauß nennen
188 5031 1883 5157 ſollen. In dem Anhang der Lübeckiſchen
187 5138 1886 5269 Chronick H. Reckmans ſtehet p. 293. alſo:
182 5243 1882 5380 Zu Cölln ſind 7. Stifft oder Dömme / und
194 5360 1883 5493 19. Kirchſpiel / 13. Manns⸗ und 13. Frauen⸗
185 5470 1882 5603 Clöſter / 2. Manns Capellen / 8. Clauſen /
181 5580 1881 5718 darinn beſchloſſene Schweſtern. Noch 30.
183 5688 1881 5831 Capellen mit Altären nicht offenbar / 8. Spi⸗
177 5803 1879 5941 täl vor arme alte Leut / 2. Elenden Herberg / 2.
181 5911 1877 6051 Spitäl vor krancke Leut. 63. Beginnenhäuſer
170 6019 1874 6196 oder Verſamlung. Es iſt aber ſchon lang / daß
