3870 6490
206 375 1908 509 ſo unter den Kaiſern Diocletiano und Ma-
222 479 1912 611 ximiano, umbgebracht worden / begraben li⸗
226 593 1915 733 gen. Das prächtige Rahthauß / ſat dem ho⸗
224 706 1915 846 hen / herrlich erbauetem und mit Bildern ge⸗
221 818 1915 955 ziertem Thurn daran / und in ſolchem Hauſe
225 931 1915 1064 die Bildnuß deß jenigen Burgermeiſters / wel⸗
219 1044 1912 1173 cher einen Löwen mit dem Dolchen umbge⸗
181 1156 1908 1282 bracht hat / iſt auch fürnemlich zu ſehen. Sind
218 1270 1905 1397 fünff Gaden oder Gewölb übereinander / wie
222 1380 1910 1508 die Lübeckiſche Chronick meldet. Gegen über
231 1494 1908 1618 iſt an dem Ort / da vor dieſem die Juden ihr
216 1608 1908 1730 Synagog gehabt / eine Capell / ſo man jetzt
218 1720 1911 1850 Jeruſalem nennet; darinn ein Gemählde / ſo
212 1831 1913 1973 von den Künſtlern mit Verwunderung be⸗
222 1950 734 2067 ſichtiget wird.
230 2030 1915 2175 Nun in dieſer volckreichen Stadt haben
210 2164 1914 2287 ſich viel und namhaffte Sachen zugetragen /
209 2282 1915 2401 davon die alte Cöllniſche Chronick zu leſen iſt /
212 2396 1915 2511 die einer biß auffs Jahr 1496. erſtreckt hat:
208 2507 1915 2620 Davon obangezogener Werdenhagen am 3. a.
210 2607 1915 2733 Blat / nicht gar ſonders viel hält: Aber Wil⸗
205 2724 1915 2845 helm Kyriander in der Trieriſchen Chronick
216 2838 1915 2951 fol. 15. ſeq. lobet dieſelbe / und ſagt: Daß den
221 2945 1915 3086 Meiſter ſolcher / der Rath / und das Volck zu
216 3060 1348 3172 Cölln vertheidiget haben.
247 3161 1927 3282 Wir wollen an dieſem Ort allein etwas we⸗
226 3277 1912 3393 nigs von den fürnehmſten Geſchichten auß
228 3385 1912 3502 unterſchiedlichen Autorn anziehen: Als daß
228 3495 1916 3612 Vitellius bey dieſer Stadt von den Kriegs⸗
224 3609 1921 3724 knechten erwehlet / und für einen Kaiſer außge⸗
228 3716 1919 3835 ruffen worden iſt. Alſo hat Trajanus allhie
224 3830 1918 3948 ſein Kaiſerthumb / auß Belieben Cocceii
222 3941 1909 4061 Nervæ, angefangen / der auch dieſe Stadt auff
227 4048 1915 4169 Römiſche Art erbauen laſſen / und ſie mit dem
221 4162 1915 4280 Römiſchen Recht uud Freyheiten begabet hat.
229 4272 1915 4395 Und iſt ſie hernach unter den Römern in Ehr
222 4379 1915 4504 und Würde geſeſſen / biß unter dem Kaiſer
225 4496 1910 4616 Conſtantio, deß Groſſen Conſtantini Vat⸗
225 4607 1917 4726 tern / die Francken ſie belägert / erobert / und die⸗
224 4715 1918 4841 ſe vorhin ſehr reiche und veſte Stadt / vertilget
217 4830 1921 4955 haben; die ſich gleichwol wieder erholet / alſo /
224 4941 1910 5065 daß ſie bey Regierung Kaiſers Juliani wieder
225 5052 1906 5181 an das Reich kommen; aber unter den Kaiſern
229 5159 1916 5293 Gratiano und Valentiniano abermals den
223 5274 1921 5405 Francken zu theil worden iſt: Da ſie dann fol⸗
219 5388 1917 5522 gends viel Ungemach außſtehen müſſen / biß
219 5496 1926 5631 Kaiſer Otto der Groſſe ſie im Jahr 949. wie⸗
213 5610 1925 5746 der dem Reich zugeſtellet / und mit Freyheiten
219 5718 1922 5861 begabet / auch ſeinem Brudern / dem Ertzbi⸗
216 5830 1919 5971 ſchoff Brunen / zu beſchützen übergeben; wel⸗
214 5947 1917 6087 cher die ſteinerne Brücken allhie / ſo von der
215 6050 1896 6208 Stadt nach Tuitſch über den Rhein gienge /
1927 358 3635 475 auß Befelch deß Kaiſers / wie man wil / und
1931 477 3637 594 oben geſagt worden iſt / (weiln viel Todſchlä⸗
1933 583 3641 721 ge und Räuberey bey Nachts da vorgiengen)
1938 704 3640 822 hinweg gethan / und zu Cölln das Kloſter Pan-
1939 816 3638 936 thaleonis erbauet hat. Im Jahr 1064. iſt ein
1935 923 3641 1048 groſſer Zwiſpalt zwiſchē dem Ertzbiſchoff An-
1940 1040 3642 1168 no, und den Bürgern entſtanden / die ihn auß
1934 1152 3648 1279 der Stadt verjagt / der aber mit Heeresmacht
1930 1269 3637 1395 ſolche wieder erobert / nach ſeinem Belieben
1929 1381 3642 1504 mit den Bürgern gehauſet / und ſie ihme zu
1929 1495 3645 1618 ſchwehren gezwungen hat. Kaiſer Heinrich
1930 1606 3642 1718 der Fünffte hat kurtz vor ſeines Vattern / Kai⸗
1931 1717 3648 1837 ſer Heinrichs deß Vierdten Tod / dieſe Stadt /
1935 1830 3648 1954 die es mit dem Vatter gehalten / vergebens be⸗
1934 1942 3646 2066 lägert. Umb das Ende der Regierung Kaiſer
1931 2058 3649 2181 Friderichs deß Erſten / hat Ertzbiſchoff Phi⸗
1932 2169 3645 2285 lipps zu Cölln / die Stadt mit Mauren von
1933 2285 3644 2402 neuem weiter umbfangen laſſen / welche noch
1936 2392 3646 2512 heutiges Tags ſtehen. Ertzbiſchoff Conrad
1931 2505 3644 2627 hat / nach Kaiſers Friderichs deß Andern Tod /
1934 2616 3655 2740 da das Reich ohne ein rechtes Haupt war /
1940 2725 3650 2840 Cölln zweymal belägert: Und da er damit
1951 2841 3654 2961 nichts außgericht / die Bürger ſelbſten mit Li⸗
1946 2947 3655 3072 ſten in Uneinigkeit gebracht / dardurch er dann /
1950 3062 3647 3189 was er geſucht / erhalten / und gar die Schlüſſel
1946 3172 3651 3302 zu den Stadtthoren in ſeinem Gewalt gehabt.
1957 3275 3649 3411 Sein Nachfahr / Ertzbiſchoff Engelbrecht
1948 3388 3658 3519 von Falckenburg hat zwey veſte Schlöſſer da
1946 3500 3654 3630 erbauet / und die Thor mit ſeinen Leuten beſetzt.
1951 3607 3655 3737 Und als die Bürger endlich ſich umb die alte
1946 3721 3640 3843 Freyheit umbgeſehen / ſich wieder ermuntert /
1945 3839 3659 3969 und die beyde Schlöſſer zerſtöret / oder Caſtell /
1949 3949 3656 4086 ſat vierzehen Thoren erobert / die Schlöſſer
1915 4061 3657 4193 zerſtöret / und ihre Freyheit guten theils wieder
1944 4166 3657 4316 erlanget: Da ſeyn ſie von ihme / dem Ertzbi⸗
1945 4284 3653 4429 ſchoff belägert; aber durch Vermittelung der
1949 4396 3655 4524 Benachbarten die Sach vertragen worden /
1945 4509 3655 4633 daß ihme die Stadt ſechs tauſend Marck Sil⸗
1946 4625 3657 4766 bers hat geben müſſen; wiewol der Biſchoff
1945 4735 3656 4878 dem Vertrag nicht nachkommen / ſondern der
1945 4842 3658 4984 Stadt auff unterſchiedliche Weg zugeſetzt /
1947 4962 3660 5107 ihren Burgermeiſter / Herman Gryner / durch
1946 5068 3657 5212 etliche Mönch / Anno 1262. ſeinem Löwen
1955 5182 3651 5327 fürwerffen laſſen / und bey dem Papſt / daß die
1953 5290 3653 5445 Stadt in den Bann gethan würde / erhalten:
1949 5407 3649 5554 Auch / nach dem Exempel ſeines Vorfahren /
1944 5523 3654 5673 zwiſchen der Obrigkeit und der Bürgerſchafft
1951 5637 3648 5790 ſolche Uneinigkeiten angeſponnen / daß ſie
1949 5751 3638 5893 auff einem Tag drey blutiges Treffen mit⸗
1942 5872 3650 6007 einander gethan / darinnen viel umbkommen
1948 5979 3644 6122 ſeyn: Welche Zwiſpalt hernach / als ſich der
1934 6094 3648 6232 Biſchoff zu den Fürnehmſten der Stadt ge⸗
