3870 6490
1956 415 3572 548 tauſend Menſchen allda geſtorben ſeyen.
1954 523 3648 659 Anno 1372. zweyten ſich die Schöffen mit
1949 626 3647 778 dem Magiſtrat / und theilte ſich der Rath in
1948 741 3650 877 zween Theil / deren einer der Innere von Ge⸗
1946 847 3648 992 ſchlechten: Und der ander der Gröſſere von den
1945 959 3641 1107 Zünfften war; darüber es abermals zu kriegen
1944 1077 3643 1211 und ſtreiten kam; und wurde die Stadt darü⸗
1942 1184 3646 1310 ber vom Kaiſer Carolo dem Vierdten in die
1941 1284 3639 1438 Acht; der Ertzbiſchoff Fridericus aber vom
1939 1405 2963 1537 Pabſt in den Bann gethan.
2018 1520 3635 1659 Anno 1374. war der Rhein ſo groß / daß er
1956 1630 3640 1763 zu Cölln über die Mauer gieng / und man mit
1960 1737 3644 1884 Schiffen in der Stadt fuhr. Anno 1388. war
1957 1847 3647 1994 hernach beſagter Rhein ſo klein / daß auch die
1933 1958 3649 2103 Pferd mitten in dem Rhein giengen / ſo die
1931 2071 3647 2203 Schiff auffwarts führeten / und kauffte man
1930 2178 3644 2317 das Rheinwaſſer. Anno 1392. geſchah Ver⸗
1929 2285 3640 2424 änderung im Rath / den man argwöhniſch hiel⸗
1950 2399 3646 2539 te. Das folgende Jahr war wieder ein Ver⸗
1946 2513 3628 2648 gleich zwiſchen dem Ertzbiſchoff u der Stadt
1925 2620 3630 2766 gemacht; darüber der Rath bey den Bürgern
1948 2729 3661 2876 verhaßt wurde: Alſo / daß im Jahr 1396. ein
1946 2841 3633 2986 dreyfacher blutiger Scharmützel vorgieng /
1951 2952 3639 3097 und zween fürnehmſte Regimentsherrn ge⸗
1950 3060 3635 3206 köpfft / die übrige erſtlich in die Gefängnuß ge⸗
1955 3176 3635 3301 ſteckt / hernach alle auß der Stadt ins Elend
1952 3292 3646 3422 verjagt wurden. Da dann die Bürger darauff
1945 3395 3634 3538 gantz einen neuen Rath erwehlet / und ein neue
1949 3505 3635 3636 Regiments⸗Form angeſtellet / auch alle Bür⸗
1940 3618 3634 3747 ger / ohnangeſehen der alten Geſchlechter / in
1938 3737 3633 3861 zwey und zwantzig Zünfften eingetheilet / wel⸗
1936 3833 3635 3982 ches dann noch / biß auff den heutigen Tag / wie
1933 3955 3466 4073 oben gemeldet / in acht genommen wird.
2038 4061 3632 4192 Anno 1400. iſt Kaiſer Ruprecht zu Cölln
1935 4168 3627 4312 gekrönt worden / weiln die von Aach ihn nicht
1931 4287 3621 4409 einlaſſen wolten. Folgends unter Kaiſer Si⸗
1929 4396 3631 4528 giſmundo hatten ſie viel mit ihrem Ertzbiſchoff
1931 4510 3672 4635 Dietherico zu thun / der auch die Stadt / aber
1928 4627 3629 4744 vergebens belägert hat. Anno 1428. als die
1929 4732 3633 4865 Schöffen einen unſchuldig ins Gefängnuß
1924 4850 3621 4977 geleget / hat die Stadt durch einen Vergleich
1926 4961 3620 5087 es dahin gebracht / daß ſie / die Schöffen / deß
1923 5060 3665 5208 Ertzbiſchofflichen Hochgerichts allhie / und
1921 5171 3617 5322 ihr Graf oder Præſident / forthin keinen mehr
1920 5286 3618 5431 gefangen annehmen / ſondern ſolches dem
1912 5395 3621 5533 Stadt⸗Recht zuſtehen ſolte; welches noch al⸗
1924 5518 3622 5645 ſo / wie auch oben geſagt / auff den heutigen
1919 5629 3613 5753 Tag gehalten wird. Anno 1442. kam Kaiſer
1914 5741 3605 5861 Friderich der Vierdte hieher / deme die Stadt
1913 5856 3651 5976 gehuldet / und geſchworen; hergegen er ihr dero
1915 5966 3612 6097 Freyheiten ꝛc. beſtättiget: Und als er deß Jahrs
1916 6070 3660 6220 1469. wieder hieher gelangt / ſie mit mehreren
156 384 1976 522 ſellet / noch lang mit groſſem Schaden der
156 507 1975 633 Bürger gewähret; biß Albertus Magnus, ge⸗
155 626 1975 744 weſter Biſchoff zu Regenſpurg / ſich ins Mit⸗
155 732 1974 852 tel gelegt hat / wiewol auch nachgehends es
154 846 1974 966 noch immerzu Unfrieden geben; allein / daß fol⸗
154 957 1973 1076 gends die Sach an dem Kaiſerlichen Hof beym
153 1058 1973 1183 Rudolpho dem Erſten / getrieben worden.
153 1165 1972 1298 Und liſet man in der Speyriſchen Chronick
152 1283 1972 1410 Chr. Lehmani lib. 5. c. 59. daß beſagter Kaiſer
152 1402 1971 1524 Rudolph befohlen / der Stadt Schlüſſel zwo
151 1506 1971 1628 Meil davon zu führen / und mit deß Biſchoffs
151 1612 1970 1742 Volck darüber eine Schlacht zu halten: Da
150 1731 1970 1850 dann die Stadt nach groſſem Blutvergieſſen
150 1839 1969 1963 ihr Recht / Schlüſſel und Stadt⸗Obrigkeit er⸗
150 1952 1969 2074 halten habe: In dem Theatro Urbium Abra⸗
149 2058 1968 2180 ham Sauers ſtehet am 51. Blat alſo: Anno
149 2174 1968 2289 1288. iſt eine Schlacht geſchehen auff der
148 2272 1968 2400 Wöringer Heyde / zwiſchen den von Cölln /
148 2394 1967 2514 und dem Biſchoff / umb die Schlüſſel der
147 2494 1967 2622 Stadt / und die Schlüſſel ſeynd auf einem ſon⸗
147 2611 1966 2732 derlichen darzu gerüſten Wagen mitgeführet /
146 2724 1966 2844 und hat ein blutigen Streit geben / und die
146 2825 1965 2953 Cöllner haben ſie ritterlich erhalten. Obge⸗
145 2941 1965 3067 dachter Werdenhagē aber ziehet dieſe Schlacht
145 3056 1964 3175 unter die Regierung Kaiſers Adolphi, und ins
144 3154 1964 3291 Jahr 1297. und ſagt: Daß die Cöllniſche Bür⸗
144 3277 1963 3397 ger ihre Dapfferkeit dardurch ſehen laſſen /
143 3388 1963 3507 nicht zwo Meilen von der Stadt / wie der Auß⸗
143 3495 1962 3620 ſpruch lautet / ſondern weiters davon / nemlich /
142 3607 1962 3730 zu Woringen / im Hertzogthumb Braband /
142 3719 1961 3841 dahin man die Thorſchlüſſel auff dem Wagen
141 3831 1961 3942 hat führen müſſen / haben ſchlagen wollen / da⸗
141 3941 1960 4062 ſelbſten ſie auch obgeſieget / und die Schlüſſel
140 4055 1960 4172 mit der Bottmäſſigkeit und Beſitz der Stadt /
140 4165 1959 4284 wieder überkommen / und zu deſſen ewiger Ge⸗
139 4272 1959 4393 dächtnuß S. Bonifacii Kirchen / in S. Seve⸗
139 4386 1958 4508 rins⸗Gaſſen / erbauet haben / in welcher fort⸗
138 4494 1958 4618 hin jährlich deßwegen ein Feſt von dem gan⸗
138 4608 1957 4732 tzen Rath gehalten worden ſey. Sonſten ligt
137 4718 1957 4842 ein Woringen am Rhein / unterhalb Cölln/
137 4828 1956 4954 und zwiſchen ſolcher Stadt und Zons / nahend
136 4924 1956 5065 Monheim: Welches wir darbey erinnern; im
136 5048 1955 5175 übrigen aber einem jeden ſeine Meynung laſ⸗
136 5157 1955 5287 ſen wollen. Kaiſer Albrecht hat hernach der
135 5267 1954 5399 Stadt viel Gnad erzeiget / und ſie wider den
135 5381 1954 5511 Ertzbiſchoff Wigboldum beſchützet. Anno
134 5493 1953 5622 1315. war ſo theure Zeit / daß man den Armen
134 5603 1953 5734 zuließ / daß ſie das Brod von den Läden / und
133 5716 1952 5845 wo mans feyl hatte / nehmen mochten / wie ob⸗
133 5823 1952 5962 gedachter Sauer ſchreibet / der auch ſagt: Daß
132 5931 1951 6072 Anno 1349. die Jüden allhie verbrannt wor⸗
132 6039 1951 6216 den / und im Jahr 1451. bey ein und zwantzig
