3870 6490
286 394 1935 534 Freyheiten und Gnaden / und darunter mit ei⸗
287 496 1939 638 ner herrlichen Müntz⸗Gerechtigkeit begabet /
296 605 1930 753 auch ihr einen neuen Zoll ertheilet hat. Im
285 724 1930 859 Jahr 1463. war allhie ein ſehr gute und wolfei⸗
287 834 1930 974 le Zeit / davon in der Franckenbergiſchen Chro⸗
285 964 1266 1087 nick am 57. a. Blat zu leſen.
425 1060 1930 1202 Anno 1481. nahmen die Bürger an der
275 1177 1931 1308 Faßnacht / den Rath gefangen; reuete ſie aber
284 1289 1926 1414 bald wieder / und ſetzten ihn mit Ehren in ſein
284 1406 1928 1533 Ampt / und lieſſen vierzehen Rädlinsführern
285 1518 1929 1648 die Köpff abſchlagen. Anno 1486. ließ ihme
281 1626 1929 1754 der neue Römiſche König Maximilian der Er⸗
288 1739 1924 1877 ſte allhie huldigen: Welches dann Anno 1494.
290 1850 1929 1995 als allbereit er Kaiſer geweſen / und hieher kom⸗
284 1973 1946 2092 men / wieder geſchehen; hergegen er der Stadt /
282 2088 1929 2204 auch einen Eyd gethan / und der Stadt ihre
278 2202 1928 2319 Freyheiten beſtätiget hat; wie hievon beym
275 2308 1931 2431 gedachten Werdenhagen mit mehrerm zu le⸗
271 2422 1927 2543 ſen. Im Jahr 1513. wurde der Rath bezüchti⸗
272 2532 1946 2651 get / als ob er das Regiment wieder auff die alte
278 2652 1925 2770 Form / und ſolches gleichſam erblich machen
281 2759 1950 2876 wolte; daher in einer Auffruhr nicht allein ſel⸗
278 2865 1952 2986 biger abgeſchafft / ſondern auch etliche Bür⸗
277 2978 1953 3098 germeiſter geköpfft / und ein neuer Rath er⸗
283 3083 1955 3209 wehlet; nachdeme erſt zuvor im Jahr 1512. all⸗
280 3203 1956 3336 hie ein Reichstag / wie auch Anno 1505. vorhe⸗
277 3324 1374 3430 ro einer gehalten worden.
278 3388 1954 3544 Was folgender Zeit allda vorgangen / iſt
246 3535 1952 3656 unnoth zu gedencken / weiln / was davon auff⸗
268 3655 1950 3768 gezeichnet worden / bey den neulichſten Hiſto⸗
273 3769 1926 3880 rien Schreibern zu finden iſt; und ſich auch
279 3879 1946 3994 nicht alles hieher / da man ſich der Kürtze be⸗
281 3991 1944 4107 fleiſſet / bringen läſt. Wil allein eines böſen
277 4103 1942 4220 Falls noch gedencken / der ſich umb den 22.
272 4216 1941 4331 Wintermonats / deß 1642. Jahrs zu Cöln be⸗
204 4330 1939 4444 geben / in deme eines Schneiders Weib in der
270 4437 1937 4557 Eichelſteiner Gaſſen / vermuthlich auß gerin⸗
264 4550 1935 4669 ger Nahrung / und gegenwärtiger böſen Zeit
267 4664 1933 4781 Betrachtung / in eine abſinnige Melancholey
259 4772 1932 4897 gerathen / davon kranck worden / derer ihr Ma
265 4891 1930 5005 Labung verſchaffen wollen; ſie aber entzwi⸗
260 4997 1927 5122 ſchen ein Meſſer ergriffen / und ihren beyden
261 5113 1926 5235 Kinderlein / deren das älteſte zwey / das andere
255 5227 1924 5351 eines Jahrs alt geweſen / damit die Kehlen ab⸗
256 5343 1922 5461 geſchnidten / wolte auch dem Mann / als er
251 5454 1921 5603 wieder kommen / an die Kehlen / daß er ſich deß
256 5561 1600 5687 Weibs genug zu erwehren gehabt hat.
398 5635 1918 5807 Belangende zum Beſchluß das Biſt⸗
253 5788 1912 5922 thumb allhie / ſo ſolle S. Maternus, deß H.
247 5904 1910 6035 Apoſtels Petri Diſcipel / umbs Jahr Chriſti
235 6025 1906 6150 70. allda am erſten das Evangelum geprediget
232 6140 1902 6293 haben; deme mit der zeit S. Gereon gefolget / ſo
1956 349 3701 480 unter Diocletiano umbgebracht worden iſt.
1954 474 3667 602 Es fiele hernach dieſes Biſtthumb dem Aria-
1953 587 3663 707 niſmo bey / biß umbs Jahr 420. S. Severinus,
1953 700 3681 825 der für den andern Cölniſchen wahren Biſchoff
1953 811 3669 934 gehalten wird / ſolches wieder auff den rechten
1954 924 3669 1052 Weg gebracht hat. Ihme hat der Dritte / nem⸗
1954 1043 3667 1165 lich / S. Evergislus, oder Evergiſſus, und dieſem
1970 1155 3670 1273 der vierdte / S. Aquilinus, oder Solinus, Anno
1976 1264 3671 1397 463. ſuccedirt. Zu deſſen Zeiten die heilige Ur⸗
1976 1382 3668 1505 ſula / mit eilff tauſend Jungfrauen / die Kron
1975 1492 3666 1623 der Märtyrer empfangen haben ſolle; wie es
1975 1616 3666 1735 die Traditiones gcben / 5. Simoneus, 6. Ca-
1976 1732 3667 1843 rentinus. 7. Remidius, 7. Cunibertus, 9. Bo-
1973 1837 3669 1967 caldus, 10. Stephanus, 11. Abeluuinus, 12.
1953 1959 3666 2069 Giſo, 13. Hanno I. 14. Pharamundus. 15. Agi-
1952 2069 3667 2189 lolphus, oder Agilulphus, unter welchem im
1952 2176 3664 2315 Jahr 743. ein Ertzbiſtthumb allhie angerich⸗
1952 2298 3664 2417 tet / und er der erſte Ertzbiſchoff worden iſt. 16.
1952 2405 3661 2528 Rangefridus anno 746. erwehlet / 17. Hilde-
1953 2525 3659 2635 bertus, 18. Bertholinus, 19. Ricolphus, 20.
1952 2629 3661 2755 Hildeboldus, 21. Hattebaldus, 22. Günthe-
1951 2754 3662 2862 rus, 23. Willibertus, 24. Hermannus Pius im
1950 2854 3659 2987 Jahr 890.erwehlet. 25. Witfridus, 26. Bruno
1950 2973 3661 3091 Kaiſer Otten deß Groſſen Bruder / ſo allhie
1949 3089 3661 3205 in S. Pantaleonis Kirchen liget. 27. Folcma-
1948 3203 3661 3312 rus, 28. Gero, 29. Walramus, welcher den
1946 3309 3660 3426 Geronem, ſo verzuckt worden / lebendig begra⸗
1945 3425 3656 3545 ben hat. 30. Evergerus, 31. Eribertus, ſo Anno
1944 3537 3656 3654 1021. geſtorben / und für den erſten Churfür⸗
1947 3653 3650 3769 ſten gehalten wird. 32. Pilligrinus. 33. Her-
1947 3766 3642 3879 mannus II. 34. Hanno II. 35. Hildolphus.
1942 3878 3649 3996 36. Sigenuinus. 37. Hermannus III. 38. Fri-
1940 3993 3642 4107 dericus I. 39. Bruno II. 40. Hugo, 41. Arnol-
1939 4106 3640 4225 dus II. von Altena / ſo Anno 1166. geſtorben.
1938 4218 3636 4339 43. Fridericus II. 44. Reinoldus. 45. Philip-
1937 4334 3635 4458 pus, ſo die Stadt Cöln erweitert. 46. Bruno
1936 4446 3695 4574 III. 47. Adolphus, welcher die Königliche
1935 4556 3635 4673 oder Kaiſerliche Zierden und Kron / damit er⸗
1934 4671 3631 4786 neulich Kaiſer Otten den Vierdten / mit eige⸗
1933 4784 3630 4903 ner Hand gekrönet / auff Kaiſer Philipſen
1932 4898 3629 5013 gewendet / und ihme behülfflich geweſen /
1930 5011 3628 5126 daß er auch nach zweyen Jahren der Stadt
1927 5115 3625 5242 Cöln / ſo dem beſagten Kaiſer Otten / getreu
1924 5242 3622 5359 verblieben war / ſich bemächtiget hat. 48. Bru-
1921 5356 3617 5470 no IV. 49. Theodoricus, ein Graf von Berg.
1918 5470 3614 5584 50. Egelbertus, auch dieſes Stands / 51.
1916 5583 3637 5705 Henricus I. 52. Conradus, 53. Engelbertus
1915 5685 3616 5818 II. 54. Syfridus, welcher Kaiſer Adolphen zu
1934 5811 3612 5923 Aach gekrönt / und den Grafen von Berg nak⸗
1930 5923 3610 6049 kend in ein eiſern Keſicht geſperrt hat. 55. Wich-
1930 6039 3692 6159 bodus, 56. Henricus II. 57. Walramus, 58.
1924 6157 3603 6276 Guilielmus, unter Kaiſer Carln dem IV.
