3870 6490
225 372 1897 516 59. Joannes. 60. Adolphus II. Graf von der
218 484 1895 613 Marck. 61. Engelbertus III. 62. Cono von
215 589 1895 733 Falckenſtein. 63 Fridericus III. 64. Theodo-
219 711 1909 839 ricus. 65. Rupertus Hertzog in Bayern. 66.
219 821 1888 942 Hermannus IV. ein Landgraf zu Heſſen. 67.
216 926 1911 1072 Philippus von Thuyn. 68. Hermannus V.
213 1037 1911 1174 ein Graf von Weda / welcher die Religion in
214 1152 1912 1294 ſeinem Ertzbiſtthumb ändern wollen / aber da⸗
216 1265 1912 1402 von abgehalten worden / und geſtorben Anno
219 1378 1913 1517 1552. An ſeiner ſtatt / und wider ihn ward er⸗
220 1488 1913 1628 wehlet Adolphus III. Graf von Schaum⸗
218 1600 1914 1739 burg / den Bertius für den 69. Biſchoff in der
215 1712 1915 1845 Ordnung: Andere für den 71. zehlen / 70. oder
218 1825 1915 1965 72. Antonius, auch ein Graf von Schaum⸗
216 1934 1916 2074 burg / 71. oder 73. Johann Gebhard / ein Graf
216 2051 1917 2190 von Mansfeld / ſo Anno 1562. geſtorben. 72.
217 2161 1917 2293 oder 74. Fenderich Graf von Weda. 73. oder
221 2277 1896 2409 75. Salentinus, ein Graf von Iſenburg / wel⸗
219 2386 1918 2518 cher / nachdem er ſich verheurat / das Ertzbiſt⸗
219 2494 1919 2634 thumb auffgeben hat. 76. Gebhard ein Truch⸗
223 2605 1920 2743 ſeß von Waldburg / welcher / weil er ſeinen Un⸗
221 2718 1920 2853 terthanen die Religion freygelaſſen / und ein
220 2827 1921 2961 Weib genommen / abgeſetzt worden iſt. 77. Er-
223 2944 1921 3069 neſtus, Hertzog in Bayern / ſo Anno 1612. ge⸗
225 3052 1922 3188 ſtorben. 78. Ferdinandus, Ertzbiſchoff und
222 3167 1903 3299 Churfürſt / ein Hertzog in Bayern / ſo im Jahr
222 3275 1904 3415 1577. den 7. Octobris geboren worden. Anno
228 3397 1924 3515 1642. den 10. Februarii N. Calenders / ward zu
222 3501 1924 3627 Cölln ein allgemeines Capitul gehalten / und
226 3611 1925 3739 Hertzog Albrechts in Bayern Herr Sohn /
226 3725 1925 3851 Maximilian Heinrich / Hertzog in Bayern / ſo
227 3829 1926 3959 den 8. Octob. deß 1621. Jahrs auff dieſe Welt
226 3951 1927 4070 kommen / zum Coadjutorn / und künfftigen
225 4061 1927 4187 Ertzbiſchoffe erwehlet. Es iſt der Herr Ertzbi⸗
227 4177 1928 4303 ſchoff und Churfürſt zu Cölln / deß H. Röm.
228 4290 1910 4414 Reichs Ertz⸗Cantzler durch Italien / daſelbſt er
221 4400 1905 4523 auch / und in ſeinem Gebiet / dem Kaiſer zur
228 4513 1906 4636 rechten Hand gehet: Hat die andere Stimm
230 4630 1905 4753 bey der Wahl eines Röm. Königs / den er auch
232 4742 1912 4864 am erſten krönet. Seine Unterthanen ſeyn wi⸗
232 4858 1907 4974 der das Hochgericht zu Rothweil / und andere
167 4971 1910 5086 frembde Gericht befreyet / und hat er auch we⸗
233 5077 1909 5198 gen der Appellation ſonderbare Freyheiten. Es
235 5189 1909 5310 gehören unter ihn / als ihren Geiſtlichen Ober⸗
234 5305 1901 5421 herrn / die Biſchöffe zu Münſter / Utrecht / (ſo
236 5411 1912 5537 jetzt die Holländer haben) Lüttich / Minden
237 5526 1911 5649 und Oſnabrück. Es grentzet dieſes Ertzſtifft
237 5645 1916 5754 von unten her mit Cleve und Geldern; und ligt
239 5752 1911 5871 an ſolchen Grentzen das Kloſter Campen / ſo
239 5870 1913 5983 vorzeiten mächtig geweſen / auff einem ſehr lu⸗
242 5983 1913 6099 ſtigen Berg; das zum Unterſcheid deß weiland
243 6091 1914 6242 reichen Kloſters in Pommern Neufeld / oder
1915 368 3643 481 Novus Campus genannt / Altfeld genennet
1915 477 3629 592 wird; wie H. Meibomius in Chronico Rid-
1915 585 3630 703 dagshuſ. Es wird dieſes Ertzſtifft in das Ober
1915 702 3642 818 und Untere abgetheilet. Iſt reich und mächtig /
1915 815 3634 927 und hat ſonderlich viel Güter bekommen / als
1915 924 3627 1039 Heinrich der Löw / Hertzog in Bayern und
1916 1040 3632 1157 Sachſen / vom Kaiſer Friderichen dem Erſten
1916 1150 3672 1264 in die Acht erkläret worden: Von welcher Zeit
1916 1258 3636 1377 an dieſes Stifft den Titul Angern und Weſt⸗
1933 1376 3632 1488 phalen geführet: wiewol Reuſn. in ſtemmat.
1932 1484 3633 1601 Witichind. p. 15. ſagt: Daß allberit Kaiſer
1933 1598 3632 1709 Otto der Erſte zugelaſſen habe / daß ſein Bru⸗
1931 1709 3633 1822 der / der Ertzbiſchoff Bruno das Hertzogthumb
1932 1821 3637 1934 Engeren dem Ertzſtifft Cölln habe incorpori-
1918 1930 3641 2047 ren mögen: Wie dann daſſelbe viel Ort / und
1918 2042 3643 2157 darunter auch die Stadt und Grafſchafft
1919 2155 3639 2272 Arnſperg in Weſtphalen beſitzt. Obgedachter
1919 2265 3638 2385 Meibomius, in notis ad Origines Marcha-
1919 2376 3643 2493 nas Levoldi Northovii, meldet / daß die Graf⸗
1920 2493 3636 2606 ſchafft Hoſteden auch dieſem Stifft zugehöre.
1920 2602 3662 2716 Und in dem Neuen Atlante ſtehet alſo: Das
1920 2714 3644 2831 Ertzſtifft Cöln ſtöſſet gegen Mitternacht an
1920 2824 3646 2939 das Hertzogthumb Cleve / und Grafſchafft
1921 2927 3645 3050 Marck / gegen Orient / an das Hertzogthumb
1921 3046 3698 3161 Berg / gegen Mittag / an das Biſtthumb
1921 3154 3649 3273 Trier / gegen Mitternacht an das Hertzogthu
1925 3270 3640 3387 Gülich / und ein Theil von Gelderland. Das
1922 3381 3653 3500 Biſtthumb Cöln hat viel Vogteyen / als Arns⸗
1922 3500 3647 3613 berg / Fredeborch / Bilſtein / Fredeskirchē / Ho⸗
1922 3608 3676 3722 veſtatt / Werle / Nehem / Balve. Die Herr⸗
1923 3719 3645 3838 ſchafften ſeynd Wildenberg / Homberg / Ha⸗
1923 3836 3650 3953 chenberg und Hardenberg. In einem Anno
1923 3945 3653 4060 1644. auß Cöln überſchickten Bericht / wird
1925 4059 3653 4177 folgends vermeldet: Im Cölniſchen Stifft /
1925 4172 3655 4286 wann man ſolle ein Linien ziehen durch Cöln
1924 4282 3655 4397 und Deuts / und den ſchnurrechten Römiſchen
1924 4391 3639 4512 Heerweg auff Gülich / Aachen und Ma⸗
1925 4510 3605 4632 ſtricht / befinden ſich nachfolgende Städte:
1925 4619 3648 4736 Ober⸗Stifft / Andernach / Arwyler /
1925 4700 3658 4854 Nurburg / Reimbach / Meckenheim / Lintz / Er⸗
1926 4846 3654 4978 pel / Untckel / Breidtbach / Koningwinter /
1926 4958 3212 5072 Bonna / Bruel / Zulch / Lechenich.
1926 5067 3660 5197 Nider⸗Stifft / Zu⸗ons oder Zons / in
1926 5186 3662 5307 alten Schrifften Fridſtrom / Woringen Bo-
1927 5298 3658 5415 runcum, Hulckrade / Neuß / Kempen / Lin /
1928 5409 3666 5528 Urdingen / Caſtra Hordeanii, Udt / Anradt /
1927 5527 3661 5645 Hulß / S. Antoni in der Heydē / Keyſerswerd /
1928 5624 3655 5756 Inſula Cuniberti, Rhein Berck. Im Veſt /
1928 5744 3657 5869 Dorſten / Recklinghauſen / Hornenborgk. Im
1928 5865 3664 5982 Hertzogthumb Weſtphalen / Engeren / und
1928 5976 3669 6091 die Grafſchafft Arnsberg / Werle / Arnsberg /
1929 6087 3665 6206 Geſecke / Atendorn / Nehem / Grevenſtein /
