3870 6490
204 353 2031 505 Ruden / Eversberg / Stattberg / mit Hoor⸗
204 474 2030 599 hueſen / olim Mons Martis, cum Hariſia Ca-
203 576 2030 701 roli Magni, Balve / Menden / Affelen / Me⸗
203 698 2029 814 ſchede / Anlagen / Alendorff / Belicke / War⸗
202 804 2029 929 ſtern / Kallenhard / Anruchte / Brilon / Volck⸗
202 922 2028 1036 marſem / Medebach / Hallenberg / Winter⸗
201 1032 2028 1160 berg / Fredeborg / Schmalenberg / Wenden /
201 1142 2027 1401 Drolshagen / Olepe / Aldendorff / Hirtzberg /
200 1255 620 1392 Huſten.
200 1349 2026 1492 Es gehören auch einige andere Oerter zu
199 1456 2026 1596 dem Churfürſtenthumb Cölln / ſo doch von
199 1586 2025 1716 dem Corpore deß Ertzſtiffts abligen / als Zel⸗
198 1700 2025 1827 ting und Rattich an der Moſel. Rens am
198 1801 2024 1938 Rhein oben Cobolentz (von welchem Rens /
198 1927 2024 2050 weiln es ein Heſſiſcher Pfandſchilling ſeyn
197 2028 2023 2162 ſolle / in dem Theil von Heſſen geſchrieben
197 2150 2023 2279 worden iſt.) Schonſtein / Wiſſer und Mari⸗
196 2258 2022 2383 enſtatt / unfern vom Sprung deß Fluß Siege;
196 2371 2022 2494 ohne auch einige Lehengüter / als Gebberdick /
195 2473 2021 2607 Lidberg / Menſelen / Iſſum / Alpen / Wieda /
195 2591 2021 2716 und andere mehr. So ſind auch noch viel ver⸗
194 2697 2021 2823 pfänd und verſchriebene Ertzſtiffts Städt und
194 2807 2020 2940 Grentzen / als Schwelm / Reeß / Uſpelen / Cal⸗
193 2919 2020 3046 car / Halb⸗Santen / und mehr dergleichen:
193 3019 2019 3159 Und prætendirt auch ein zeitlicher Churfürſt
192 3140 2019 3266 wegen der Stadt Soeſt / und deß Kirſpels⸗
192 3234 2018 3379 Monch / auch deß Strichs / ſo der Maußpfad
191 3363 2018 3493 genannt wird / und begreifft ein groß Theil deß
191 3458 2017 3604 Bergiſchen Lands / inſonderheit den leinen
190 3575 2017 3714 Pfad jenſeit deß Rheins; wie dann auch noch
190 3694 2016 3828 mehr ſolcher Anſprachen das Ertzſtifft Cölln
189 3792 2016 3939 hat mit verſchiedenen benachbarten Landherrn
189 3915 2015 4049 und Ständen. Und dann / ſo wird bey dem
188 4007 2015 4160 Trithemio, in den Geſchichten Churfürſt Fri⸗
188 4128 2014 4280 derichs deß I. Pfaltzgrafen bey Rhein / am 38.
187 4233 2014 4390 Blat geleſen / daß ſelbiger im Jahr 1469. ſei⸗
187 4355 2013 4493 nem Brudern / Ertzbiſchoff Ruprechten zu
186 4457 2013 4611 Cöln / welcher in groſſer Armut gelebt / zu hülff
186 4581 2012 4723 gezogen / und die Städte / Schlöſſer / Zöll / ꝛc.
185 4692 2012 4834 ſo von ſeinen Vorfahren andern verſetzt wor⸗
185 4797 2011 4945 den / u ſie dieſelbe ohne Geld nicht wieder her⸗
184 4911 2011 5063 geben wolten / auch mächtige Lehenleut ſelbiger
184 5020 2010 5173 Kirchen geweſen / mit Gewalt und Betrohun⸗
183 5136 2010 5287 gen eingenoen habe: Als Bonn / Neuß / Lech⸗
183 5248 2009 5396 nich / Zulwich / Brüel / Rinbach / Lintz / Ander⸗
182 5359 2009 5516 nach / Gutenau / Lyns / Kempē / Keyſerswerd /
182 5469 2008 5628 alles Städtlein: Item / die Schlöſſer / Nur⸗
182 5580 2008 5743 berg / Altenaer / die Hard / Rolandiseck / Gu⸗
181 5692 2007 5855 tenberg / Erpenrod / Nyet / Pappenberg / Hers⸗
181 5799 2007 5968 berg / und viel anders mehr / und ſolche Ort be⸗
180 5913 2006 6081 ſagtem ſeinem Herrn Brudern / zugeſtellt; dar⸗
179 6032 2006 6225 über aber er / der Ertzbiſchoff / weil die andere ihr
1909 365 3850 504 Geld dahinden laſſen muſten / nach deß gemel⸗
1907 478 3848 622 ten Churfürſt Friderichs deß Sieghafftē Tod /
1905 591 3846 736 umb das Ertzbiſtthumb und Leben koen ſeye.
1904 693 3844 844 Da die Domherrn erwehlten Landgraf Her⸗
1902 816 3843 959 man zu Heſſen / ihren Mit⸗Domherrn und
1901 919 3841 1073 Probſten zu Aach / (zwar erſtlich nur) zu einem
1899 1036 3839 1180 Statthalter und Verwalter deß Ertzſtiffts;
1897 1153 3838 1324 der dann groſſen Beyfall bekam / und viel Ort
1895 1267 3831 1405 einnahm: auch folgends Ertzbiſchoff ward.
1906 1380 3835 1516 Gegen Cölln über ligt der Flecken / oder die
1892 1438 3832 1635 Freyheit Duitz / Duitſch; Deutz oder Teutſch /
1890 1610 3831 1747 Tuitium, allda Kaiſer Conſtantinus ein Ca⸗
1889 1711 3829 1859 ſtell und Schantz erbauet hat / ſo Divitenſe
1887 1826 3827 1970 Munimentum, und die Soldaten Divitenſes
1885 1939 3826 2084 ſeyn genannt worden; welche Veſtung aber
1883 2051 3824 2194 Kaiſer Otto der Erſte / ſat der Brücken (an
1881 2167 3822 2311 deren ſtatt jetzt die Mühlen zwiſchen Cölln und
1880 2270 3820 2419 Deutz auff dem Rhein ſeyn) hat ſchleiffen laſ⸗
1878 2385 3819 2540 ſen. Pontan. lib. 1. rer. Dan. führet mit andern /
1876 2499 3817 2642 den Namen dieſes Orts her / von den Teuto-
1875 2615 3815 2757 nibus und Tuiſcis, welche in die ſechs tauſend
1873 2716 3813 2870 ſtarck allhie gelaſſen worden / als die übrigen
1872 2829 3812 2982 Cimbri und Teutones in Franckreich / oder
1870 2935 3810 3093 Gallien und Italien gezogen ſeyn. Das ſtatt⸗
1868 3054 3808 3209 liche Benedictiner Kloſter allda / iſt us Jahr
1866 3171 3807 3315 1012. geſtifftet worden / wie davon Bruſchius
1865 3279 3805 3431 zu leſen: Wiewol theils es für älter halten. Es
1863 3390 3803 3544 iſt allhie S. Heribertus ein Ertzbiſchoff zu
1861 3494 3801 3654 Cölln / und geborner Graf von Rotenburg an
1860 3610 3800 3767 der Tauber / Anno 1022. begraben worden; der
1858 3719 3798 3885 hernach einen güldenen Sarch bekommen hat.
1856 3827 3796 3999 Dieſe ſtattliche Abbtey / ſonſten zur H. Jung⸗
1854 3945 3795 4109 frauen Maria / wird auch / nach ihme Abba-
1853 4063 3793 4218 tia Herebertina genannt / als die von ihme er⸗
1851 4168 3791 4336 bauet worden; wiewol dieſelbe unterſchiedliche
1849 4276 3789 4447 Unglücksfäll / ſonderlich Anno 1583. im
1847 4393 3788 4561 Druchſeſſiſchen Krieg / gehabt / als man ſie
1846 4511 3786 4675 damals verbrannt / und folgends nicht wieder
1844 4623 3784 4788 erbauet hat; ſondern die Mönch / in S. Urbani
1842 4722 3782 4902 Pfarrkirch allda ihren Gottesdienſt verrichten
1841 4846 3781 5016 haben müſſen: Die aber auch Anno 1632. den
1839 4963 3779 5125 21. Decembr. N. Calenders / als der Schwe⸗
1837 5068 3777 5240 diſche General Baudis / oder Baudiſſin / bey
1836 5182 3776 5355 der Nacht allda eingefallen / und die Cöllner
1834 5296 3774 5458 ihme ſtarcken Widerſtand gethan / daß er in⸗
1832 5411 3772 5587 nerhalb 12. Stunden (wie zwar Gelenius wil)
1830 5523 3770 5691 wieder hat weichē müſſen / durch Feuer Scha⸗
1829 5634 3769 5804 den gelidten / nachdem auß der Cöllner Unvor⸗
1827 5747 3767 5915 ſichtigkeit ein Feuer in das Pulver kommen;
1825 5864 3765 6029 daß allein die Mauer von ſolcher Pfarrkirchen
1823 5970 3764 6141 Thurn iſt ſtehen geblieben. Unter den vorneh⸗
1821 6092 3762 6247 men Leuten deß beſagten Cloſters iſt B. Ru-
