<PcGts xmlns="http://schema.primaresearch.org/PAGE/gts/pagecontent/2019-07-15" xmlns:xsi="http://www.w3.org/2001/XMLSchema-instance" xsi:schemaLocation="http://schema.primaresearch.org/PAGE/gts/pagecontent/2019-07-15 http://schema.primaresearch.org/PAGE/gts/pagecontent/2019-07-15/pagecontent.xsd">
  <Metadata>
    <Creator/>
    <Created>2021-10-12T07:54:49</Created>
    <LastChange>2023-01-10T12:24:26</LastChange>
    <Comments/>
  </Metadata>
  <Page imageFilename="0171.png" imageHeight="6490" imageWidth="3870">
    <ReadingOrder>
      <OrderedGroup id="g3">
        <RegionRefIndexed index="0" regionRef="r4"/>
        <RegionRefIndexed index="1" regionRef="r3"/>
        <RegionRefIndexed index="2" regionRef="r1"/>
        <RegionRefIndexed index="3" regionRef="r2"/>
        <RegionRefIndexed index="4" regionRef="r5"/>
        <RegionRefIndexed index="5" regionRef="r6"/>
      </OrderedGroup>
    </ReadingOrder>
    <TextRegion id="r1" orientation="0.25" type="paragraph">
      <Coords points="169,6264 169,393 471,394 526,427 641,394 1069,394 1145,430 1214,394 1829,395 1939,410 1933,1047 1915,2903 1915,2957 1916,4586 1900,6264"/>
      <TextLine id="l1">
        <Coords points="245,537 243,536 241,536 239,534 144,534 144,533 143,401 144,401 154,401 155,400 169,400 169,400 169,406 169,407 662,405 663,406 663,407 664,408 852,407 852,407 852,415 853,416 1834,412 1834,411 1834,410 1835,410 1838,410 1839,409 1845,409 1846,410 1848,410 1851,413 1851,414 1852,415 1852,421 1853,421 1938,421 1938,422 1939,516 1938,516 633,522 631,524 627,524 626,525 622,525 621,526 268,527 268,528 268,536 267,536 266,536 265,537"/>
        <TextEquiv index="0">
          <Unicode>pertus, zugenannt Tuitien&#383;is, oder Diviten&#383;is,</Unicode>
        </TextEquiv>
        <TextEquiv index="1">
          <Unicode>pertus, zugenannt Tuitien&#383;is, oder Diviten&#383;is,</Unicode>
        </TextEquiv>
      </TextLine>
      <TextLine id="l2">
        <Coords points="941,634 938,634 936,633 936,615 936,614 828,615 826,617 718,617 717,618 716,618 715,619 713,618 713,615 713,614 557,615 555,617 554,617 553,618 552,618 551,617 477,617 476,618 476,634 474,637 473,637 472,638 461,638 460,639 458,639 457,638 454,638 453,637 450,637 449,636 384,636 383,635 382,635 376,629 376,627 375,626 375,618 375,618 297,618 296,619 260,619 259,620 257,620 256,621 253,621 252,620 251,620 248,617 246,617 244,616 169,616 169,616 169,634 169,635 145,635 144,634 144,534 144,534 168,534 169,534 169,550 169,551 242,551 244,549 247,548 248,547 249,547 250,546 252,546 256,550 256,551 259,554 261,554 262,555 263,555 265,557 384,557 386,555 388,555 389,554 440,554 441,553 441,545 442,544 442,543 443,542 444,542 445,541 447,541 448,540 449,540 450,539 453,539 454,538 455,538 456,537 461,537 462,536 463,536 465,538 467,538 469,540 471,540 472,540 472,555 472,556 565,555 566,555 566,554 567,553 567,551 568,550 568,546 569,545 569,544 571,541 576,541 577,540 594,540 596,538 666,538 667,537 669,537 670,536 670,535 671,534 673,534 674,533 676,533 677,532 678,532 679,531 693,531 697,535 726,534 727,535 792,535 793,536 796,536 797,537 797,543 797,543 866,543 867,543 867,544 868,546 942,545 944,544 944,543 945,541 946,541 950,537 951,537 953,536 953,535 953,534 954,534 955,533 962,533 963,532 986,532 987,533 1069,533 1071,534 1071,551 1071,552 1111,552 1112,553 1224,552 1226,551 1226,550 1227,549 1227,548 1229,546 1229,541 1229,540 1233,540 1235,542 1235,543 1236,544 1236,562 1236,562 1302,562 1306,558 1306,557 1308,555 1309,555 1313,551 1314,551 1318,547 1362,547 1363,546 1365,546 1366,547 1387,547 1389,549 1464,548 1465,547 1477,547 1478,547 1478,545 1481,542 1481,538 1482,537 1482,535 1483,534 1483,532 1485,530 1485,529 1487,526 1489,526 1491,524 1492,524 1493,523 1499,523 1500,522 1506,522 1509,524 1509,525 1509,526 1510,526 1511,527 1512,527 1513,527 1513,528 1514,529 1514,531 1515,532 1515,545 1515,546 1636,545 1637,545 1637,543 1638,542 1638,541 1639,540 1639,538 1640,537 1640,536 1640,535 1704,535 1705,535 1705,534 1707,531 1710,531 1713,534 1714,534 1715,535 1790,535 1792,533 1792,531 1793,530 1793,529 1794,528 1794,527 1794,527 1795,527 1796,526 1797,526 1801,522 1802,522 1803,521 1804,521 1805,520 1827,520 1829,518 1834,518 1835,519 1838,519 1839,520 1840,520 1843,523 1844,523 1845,523 1845,524 1845,525 1846,525 1847,525 1847,544 1847,545 1931,544 1932,544 1932,517 1932,516 1938,516 1939,517 1939,631 1939,631 1934,631 1933,631 1933,605 1933,604 1825,605 1824,605 1824,615 1823,616 1823,622 1823,623 1822,623 1821,624 1820,624 1820,625 1820,626 1794,626 1793,627 1792,626 1788,626 1787,625 1786,625 1785,624 1785,620 1784,619 1784,604 1784,604 1718,604 1717,603 1716,603 1715,602 1712,602 1710,600 1708,600 1705,598 1705,597 1704,596 1704,584 1704,583 1629,583 1627,585 1627,586 1626,587 1626,588 1625,589 1625,590 1624,591 1624,593 1622,595 1622,597 1620,599 1620,605 1617,608 1617,610 1616,612 1615,612 1614,611 1613,611 1612,610 1612,609 1612,609 1571,609 1570,608 1569,608 1568,607 1493,607 1492,608 1492,612 1491,613 1491,618 1490,619 1490,625 1490,625 1487,625 1486,626 1485,626 1484,625 1481,625 1479,624 1479,609 1479,608 1452,608 1451,608 1451,607 1450,605 1390,606 1389,606 1389,634 1389,635 1374,635 1373,634 1373,606 1373,606 1356,606 1355,607 1335,607 1334,607 1334,609 1333,610 1333,611 1332,612 1332,613 1330,615 1330,616 1327,619 1327,621 1327,622 1326,622 1325,623 1324,623 1323,624 1322,624 1321,625 1320,625 1318,627 1312,627 1311,628 1309,628 1307,626 1303,626 1302,625 1300,625 1298,623 1296,623 1295,622 1293,622 1291,620 1291,617 1290,616 1290,587 1290,587 1218,587 1217,588 1217,589 1215,591 1215,593 1214,594 1214,598 1211,601 1211,602 1210,603 1210,608 1209,609 1209,611 1207,613 1207,615 1206,616 1206,617 1206,617 1205,617 1203,616 1203,615 1202,614 1202,613 1202,612 1154,613 1153,612 1129,612 1032,612 1031,613 978,613 977,614 977,625 976,626 976,627 975,628 975,633 974,634 946,634 945,635 945,636 944,637"/>
        <TextEquiv index="0">
          <Unicode>der zehende Abbt de&#383;&#383;elben / gewe&#383;en / de&#383;&#383;en</Unicode>
        </TextEquiv>
        <TextEquiv index="1">
          <Unicode>der zehende Abbt de&#383;&#383;elben / gewe&#383;en / de&#383;&#383;en</Unicode>
        </TextEquiv>
      </TextLine>
      <TextLine id="l3">
        <Coords points="1560,745 1559,744 1506,744 1505,743 1505,741 1504,740 1504,738 1503,737 1503,714 1502,713 1463,713 1462,712 1406,712 1405,711 1391,712 1390,711 1274,711 1273,712 1271,712 1270,713 1079,714 1077,716 1074,716 1073,717 1068,717 1067,718 993,718 992,719 924,720 923,719 897,719 815,719 814,720 774,720 773,721 769,721 768,720 698,721 698,721 698,741 697,742 696,742 696,741 696,721 695,721 618,721 617,722 492,722 492,723 492,725 490,727 490,728 489,729 489,730 488,731 488,732 487,733 487,734 485,735 463,736 463,736 463,739 458,744 456,744 455,745 449,745 448,744 442,744 441,743 440,743 440,742 440,741 439,740 439,736 438,735 438,729 437,729 300,729 299,730 298,729 292,729 291,728 290,728 289,727 288,727 288,727 288,726 286,724 285,724 284,723 283,723 282,722 169,723 169,723 169,749 168,750 157,750 156,749 145,749 145,748 144,635 145,635 169,635 169,635 169,648 169,649 275,648 277,650 283,650 284,651 308,651 309,652 317,652 318,653 321,653 322,654 427,654 428,653 430,653 431,651 431,649 433,648 434,648 435,647 441,647 442,648 444,648 448,652 448,654 449,655 573,654 573,654 573,650 577,646 580,646 581,647 582,647 583,648 586,648 587,649 684,649 686,651 686,652 687,653 687,671 688,672 704,672 705,672 764,672 764,672 764,659 765,658 766,658 766,659 766,672 767,672 841,672 842,670 842,669 843,669 918,669 918,668 918,645 919,645 922,645 923,644 924,644 926,642 930,642 931,643 931,644 932,645 932,647 933,648 1036,647 1039,644 1097,644 1098,643 1101,643 1105,647 1105,648 1106,649 1228,648 1228,648 1228,646 1229,645 1231,645 1232,646 1238,646 1239,648 1239,661 1240,661 1354,661 1355,659 1355,658 1356,657 1356,654 1357,653 1357,650 1358,649 1358,648 1360,646 1360,645 1361,644 1361,643 1363,641 1363,640 1368,636 1373,636 1374,635 1390,635 1390,635 1390,636 1391,637 1391,663 1392,663 1562,663 1564,661 1609,661 1609,660 1609,646 1610,645 1610,644 1612,643 1658,642 1658,642 1658,635 1661,632 1662,632 1663,631 1664,631 1664,631 1664,630 1665,629 1665,628 1667,626 1668,626 1669,628 1669,631 1670,631 1671,631 1672,633 1672,634 1673,635 1673,638 1674,638 1697,638 1698,640 1698,641 1699,642 1699,659 1700,659 1777,659 1780,656 1782,656 1783,655 1805,655 1806,656 1933,655 1933,655 1933,632 1934,631 1939,631 1939,632 1940,738 1939,738 1932,738 1932,738 1932,716 1931,715 1875,715 1874,714 1733,715 1733,716 1733,717 1731,718 1729,718 1728,719 1727,719 1726,720 1725,720 1724,721 1720,721 1719,720 1719,713 1718,712 1574,713 1574,713 1574,740 1572,742 1571,742 1570,743 1568,743 1567,744 1563,744 1562,745"/>
        <TextEquiv index="0">
          <Unicode>Buch / de incendio Tuitien&#383;is oppidi; von</Unicode>
        </TextEquiv>
        <TextEquiv index="1">
          <Unicode>Buch / de incendio Tuitien&#383;is oppidi; von</Unicode>
        </TextEquiv>
      </TextLine>
      <TextLine id="l4">
        <Coords points="1934,852 1933,852 1933,851 1933,850 1022,854 1021,855 1018,855 1017,854 782,855 781,854 779,854 778,854 778,853 777,851 345,853 344,852 146,853 145,852 145,749 145,749 156,749 157,750 168,750 169,750 169,752 169,753 368,752 369,753 370,753 371,754 561,753 562,754 1368,751 1370,749 1372,749 1373,748 1376,748 1377,747 1378,747 1379,746 1675,744 1676,743 1679,743 1680,742 1681,742 1682,741 1684,741 1685,740 1931,739 1932,738 1939,738 1940,739 1940,852 1940,852"/>
        <TextEquiv index="0">
          <Unicode>die&#383;em Ort in&#383;onderheit zu le&#383;en. K&#228;y&#383;er</Unicode>
        </TextEquiv>
        <TextEquiv index="1">
          <Unicode>die&#383;em Ort in&#383;onderheit zu le&#383;en. K&#228;y&#383;er</Unicode>
        </TextEquiv>
      </TextLine>
      <TextLine id="l5">
        <Coords points="940,970 939,969 937,969 936,968 935,968 934,967 933,968 933,967 933,966 929,962 929,961 928,960 928,941 927,941 759,941 758,942 722,942 721,941 592,942 591,941 478,941 477,942 475,943 474,944 473,943 466,943 465,942 463,942 462,941 337,941 336,942 335,942 335,943 335,960 334,960 334,960 334,943 333,942 169,943 169,943 169,971 168,972 146,972 146,971 145,853 146,853 169,853 169,853 169,865 169,866 276,865 277,864 281,864 282,865 292,865 293,866 297,866 299,868 300,868 302,871 302,874 303,875 303,878 304,879 304,893 305,893 379,893 380,891 380,890 382,889 432,889 432,888 432,887 433,886 433,885 434,884 434,881 435,880 435,879 436,878 436,875 438,873 438,872 441,870 442,870 443,869 444,869 445,868 447,868 448,867 449,867 450,866 451,866 452,865 457,865 458,864 460,864 461,865 464,865 468,869 468,870 469,871 469,875 470,876 470,891 471,892 587,891 589,889 592,889 592,889 592,890 594,892 615,892 615,891 615,872 617,871 618,871 619,870 622,870 625,873 625,891 626,892 796,891 796,891 796,870 797,869 797,867 798,866 806,866 807,865 876,865 877,866 880,866 881,867 881,887 882,888 990,887 991,886 1012,886 1013,885 1070,885 1071,884 1134,884 1134,883 1134,867 1135,867 1141,867 1141,866 1141,865 1144,863 1145,863 1147,861 1149,861 1150,860 1152,860 1153,859 1156,859 1158,861 1159,861 1163,864 1164,864 1164,865 1164,873 1165,873 1295,873 1296,872 1299,872 1300,871 1321,871 1321,870 1321,867 1322,867 1324,867 1326,864 1326,858 1327,858 1345,858 1346,857 1349,857 1350,858 1356,858 1357,859 1359,859 1360,860 1389,860 1390,861 1424,860 1424,861 1424,879 1425,879 1495,879 1495,879 1495,873 1496,872 1496,871 1501,866 1502,866 1504,864 1507,864 1508,865 1508,870 1512,874 1518,874 1520,876 1640,875 1640,875 1640,873 1642,871 1642,870 1644,868 1644,867 1645,866 1645,865 1650,860 1651,860 1652,859 1653,859 1653,859 1653,858 1654,857 1656,857 1658,855 1660,855 1661,854 1698,854 1699,855 1701,855 1703,858 1703,859 1704,859 1819,859 1820,860 1821,860 1822,861 1822,865 1823,866 1933,865 1933,865 1933,853 1934,852 1940,852 1940,853 1941,964 1940,964 1929,964 1929,964 1929,962 1928,961 1928,944 1927,943 1873,943 1872,942 1872,940 1871,939 1756,940 1756,940 1756,957 1753,960 1752,960 1750,962 1748,962 1747,963 1733,963 1732,962 1730,962 1729,961 1727,959 1727,943 1726,942 1607,943 1606,944 1602,944 1602,943 1602,942 1601,942 1508,942 1507,941 1450,941 1449,940 1385,941 1385,940 1385,939 1384,939 1275,939 1275,940 1275,941 1274,942 1274,943 1273,944 1273,946 1272,947 1272,949 1270,950 1269,950 1268,951 1261,951 1261,952 1261,953 1260,953 1167,953 1167,954 1167,957 1164,960 1164,961 1162,963 1146,963 1145,962 1143,962 1141,959 1141,957 1140,956 1140,940 1137,938 1136,938 1135,937 1102,937 1101,936 976,936 976,937 976,949 975,950 975,952 974,953 974,954 973,955 973,957 972,958 972,959 971,959 970,959 970,960 967,963 967,964 966,964 965,964 963,966 962,966 961,967 960,967 959,968 958,968 957,969 949,969 948,970"/>
        <TextEquiv index="0">
          <Unicode>Con&#383;tantinus Magnus hat / &#252;ber den Rhein /</Unicode>
        </TextEquiv>
        <TextEquiv index="1">
          <Unicode>Con&#383;tantinus Magnus hat / &#252;ber den Rhein /</Unicode>
        </TextEquiv>
      </TextLine>
      <TextLine id="l6">
        <Coords points="880,1078 879,1077 876,1077 875,1076 874,1076 873,1075 872,1075 871,1074 867,1070 867,1069 866,1068 866,1066 865,1065 865,1061 864,1060 864,1059 864,1059 625,1060 622,1063 621,1063 620,1064 617,1064 616,1063 616,1062 615,1061 615,1058 615,1058 450,1059 449,1059 449,1060 447,1063 445,1063 444,1064 436,1064 435,1064 435,1074 434,1076 433,1076 432,1075 426,1075 424,1073 423,1073 422,1072 422,1071 421,1070 421,1068 420,1067 420,1066 420,1066 256,1066 255,1067 255,1069 254,1070 254,1071 254,1071 252,1071 250,1073 249,1073 247,1075 169,1076 169,1076 169,1077 169,1078 147,1078 146,1077 146,972 146,972 168,972 169,972 169,991 169,992 249,991 250,992 251,992 252,993 252,994 253,995 334,995 335,995 335,989 335,988 404,988 406,986 406,985 409,982 411,982 412,981 413,981 415,979 416,979 419,976 421,976 422,975 424,975 425,976 428,976 429,977 431,977 433,978 433,985 433,986 450,986 452,987 452,988 452,989 453,989 454,989 454,990 455,991 455,992 455,993 643,992 645,990 647,990 648,991 650,991 651,991 651,998 651,999 783,998 784,997 800,997 801,997 801,992 802,991 802,988 804,986 804,985 806,982 866,982 867,981 867,980 869,978 869,977 870,976 870,975 870,975 871,975 873,973 874,973 875,972 876,972 878,970 878,969 878,969 880,969 881,968 882,968 883,967 888,967 889,966 902,966 903,965 904,966 908,966 910,968 912,968 913,969 914,969 915,970 917,970 918,970 918,971 920,973 920,974 923,978 1030,977 1031,978 1134,978 1135,978 1135,980 1136,982 1137,982 1138,982 1138,983 1139,985 1142,985 1143,986 1144,986 1145,987 1146,987 1147,988 1148,988 1149,989 1150,989 1152,991 1282,990 1287,985 1287,982 1288,981 1288,980 1289,979 1289,978 1294,973 1294,972 1295,971 1296,971 1297,970 1299,970 1300,969 1300,968 1301,967 1303,967 1304,966 1306,966 1309,963 1311,963 1312,962 1313,962 1314,963 1319,963 1320,964 1336,964 1337,964 1337,966 1337,967 1352,967 1353,967 1353,968 1353,969 1448,968 1452,972 1452,973 1453,974 1453,985 1453,985 1536,985 1538,986 1538,990 1538,991 1704,990 1706,989 1706,988 1707,987 1707,985 1709,983 1709,978 1710,977 1710,976 1711,975 1711,974 1711,973 1821,973 1824,970 1928,969 1930,968 1930,965 1930,964 1940,964 1941,965 1941,1072 1941,1072 1930,1072 1929,1072 1929,1070 1928,1069 1928,1051 1928,1050 1864,1050 1863,1049 1686,1050 1684,1052 1684,1053 1683,1054 1683,1055 1682,1056 1682,1060 1679,1063 1679,1064 1678,1065 1676,1065 1675,1065 1675,1064 1674,1063 1674,1055 1674,1054 1545,1055 1544,1055 1544,1063 1543,1065 1542,1065 1541,1066 1540,1066 1539,1067 1538,1066 1536,1066 1535,1065 1534,1065 1532,1063 1531,1063 1530,1062 1530,1061 1529,1060 1529,1055 1529,1055 1498,1055 1497,1054 1496,1054 1495,1053 1341,1054 1340,1055 1333,1055 1331,1057 1328,1057 1327,1056 1315,1056 1312,1053 1308,1053 1307,1052 1305,1052 1304,1051 970,1052 969,1053 915,1054 913,1055 913,1057 912,1059 910,1059 909,1060 908,1060 907,1061 894,1061 893,1061 893,1070 892,1071 892,1073 891,1074 891,1075 891,1076 890,1076 889,1077 884,1077 883,1078"/>
        <TextEquiv index="0">
          <Unicode>zur Huet / und Zierde der Gr&#228;ntzen / eine</Unicode>
        </TextEquiv>
        <TextEquiv index="1">
          <Unicode>zur Huet / und Zierde der Gr&#228;ntzen / eine</Unicode>
        </TextEquiv>
      </TextLine>
      <TextLine id="l7">
        <Coords points="1929,1186 1929,1186 1929,1162 1928,1161 1860,1161 1859,1160 1691,1161 1690,1162 1664,1162 1661,1165 1660,1165 1659,1164 1510,1165 1509,1164 1414,1164 1413,1163 1272,1164 1271,1165 1270,1165 1269,1164 1269,1163 1268,1162 1134,1163 1133,1164 1132,1164 1130,1166 1002,1166 1002,1167 1002,1176 1001,1177 1001,1178 1000,1179 1000,1181 999,1182 999,1183 997,1184 996,1183 995,1183 994,1182 965,1182 964,1181 963,1181 963,1181 963,1180 962,1179 962,1166 961,1165 791,1166 790,1167 772,1167 772,1168 772,1169 771,1170 771,1173 766,1178 766,1181 763,1183 759,1183 758,1184 751,1184 750,1185 745,1185 744,1186 643,1187 642,1188 641,1187 637,1187 636,1186 505,1186 504,1187 501,1187 500,1188 498,1188 496,1190 490,1190 489,1189 488,1189 486,1187 435,1188 433,1186 432,1186 428,1181 428,1176 427,1175 427,1169 426,1169 169,1170 169,1170 169,1178 168,1179 147,1179 147,1178 146,1078 147,1078 169,1078 169,1078 169,1086 169,1087 278,1086 279,1087 280,1087 282,1089 286,1089 288,1091 317,1091 321,1096 321,1097 324,1099 325,1099 325,1100 325,1101 326,1102 326,1107 327,1107 564,1106 564,1106 564,1103 565,1102 565,1100 566,1099 566,1098 567,1097 567,1096 568,1095 568,1094 569,1093 569,1092 571,1090 573,1090 575,1088 576,1088 577,1087 582,1087 583,1086 589,1086 591,1088 687,1088 688,1089 688,1103 689,1104 892,1103 892,1102 892,1100 893,1099 893,1097 894,1096 894,1094 896,1093 897,1093 900,1089 900,1088 901,1088 902,1088 903,1087 908,1087 910,1085 978,1084 978,1084 978,1082 980,1080 982,1080 983,1079 1016,1079 1018,1081 1019,1081 1020,1082 1021,1082 1022,1084 1022,1085 1024,1087 1024,1102 1025,1102 1157,1102 1158,1100 1158,1099 1159,1098 1159,1096 1161,1095 1225,1094 1228,1091 1228,1090 1230,1088 1282,1088 1282,1087 1282,1085 1285,1083 1288,1083 1289,1084 1289,1085 1291,1087 1291,1100 1292,1101 1372,1101 1373,1102 1397,1101 1399,1103 1420,1103 1421,1104 1583,1104 1584,1103 1685,1102 1685,1102 1685,1101 1687,1099 1688,1099 1689,1098 1690,1098 1692,1096 1811,1096 1811,1095 1811,1093 1812,1092 1812,1091 1815,1088 1815,1087 1817,1086 1868,1085 1870,1083 1871,1083 1872,1082 1928,1082 1928,1082 1928,1073 1929,1072 1941,1072 1941,1073 1942,1186 1941,1186"/>
        <TextEquiv index="0">
          <Unicode>Brugg &#383;chlagen la&#383;&#383;en / die man unter die</Unicode>
        </TextEquiv>
        <TextEquiv index="1">
          <Unicode>Brugg &#383;chlagen la&#383;&#383;en / die man unter die</Unicode>
        </TextEquiv>
      </TextLine>
      <TextLine id="l8">
        <Coords points="148,1306 147,1305 147,1179 147,1179 168,1179 169,1179 169,1192 169,1193 258,1192 259,1193 336,1193 337,1194 338,1194 339,1195 340,1195 344,1199 346,1199 347,1200 347,1201 349,1203 349,1204 354,1209 354,1210 355,1211 355,1212 356,1213 462,1213 463,1212 464,1212 466,1210 466,1206 466,1206 468,1206 470,1208 472,1208 473,1208 473,1209 473,1210 474,1210 475,1211 476,1210 477,1211 487,1211 488,1212 488,1215 488,1215 585,1215 586,1216 588,1216 590,1218 729,1217 730,1216 741,1216 742,1216 742,1201 743,1199 746,1199 747,1198 748,1198 749,1197 750,1197 751,1196 753,1196 754,1195 759,1195 760,1196 770,1196 771,1197 826,1197 828,1198 828,1199 828,1200 854,1200 855,1201 961,1200 962,1199 963,1199 964,1199 965,1198 965,1197 966,1195 969,1195 971,1193 978,1193 979,1192 1000,1192 1001,1191 1004,1191 1005,1190 1015,1190 1016,1189 1048,1189 1049,1190 1059,1190 1062,1192 1062,1193 1062,1194 1217,1193 1218,1192 1220,1192 1221,1193 1224,1193 1225,1194 1228,1194 1229,1195 1229,1196 1231,1198 1231,1206 1231,1206 1416,1205 1417,1205 1417,1203 1418,1201 1420,1201 1424,1198 1424,1197 1424,1196 1425,1196 1426,1195 1477,1195 1478,1194 1482,1194 1483,1195 1483,1196 1484,1197 1484,1214 1484,1214 1606,1214 1607,1213 1607,1202 1609,1200 1610,1200 1611,1199 1614,1199 1617,1196 1617,1194 1618,1193 1622,1192 1623,1191 1624,1191 1625,1190 1626,1190 1627,1189 1633,1189 1634,1190 1635,1190 1640,1195 1640,1196 1640,1196 1679,1196 1680,1197 1682,1197 1685,1200 1685,1214 1685,1214 1767,1214 1768,1213 1807,1213 1809,1211 1809,1210 1810,1209 1891,1208 1892,1207 1928,1207 1929,1207 1929,1187 1929,1186 1941,1186 1942,1187 1942,1296 1942,1296 1931,1296 1930,1296 1930,1281 1930,1280 1886,1280 1884,1279 1884,1272 1884,1271 1776,1272 1773,1275 1770,1275 1769,1274 1722,1274 1721,1273 1558,1274 1556,1276 1553,1276 1551,1274 1494,1274 1493,1275 1493,1296 1493,1296 1492,1296 1492,1275 1492,1274 1448,1274 1447,1275 1447,1290 1446,1291 1446,1292 1446,1292 1441,1292 1440,1293 1439,1293 1437,1295 1429,1295 1428,1294 1427,1294 1426,1293 1425,1293 1424,1293 1424,1292 1423,1290 1355,1291 1353,1289 1353,1288 1352,1287 1352,1279 1351,1278 1351,1274 1351,1274 1234,1274 1233,1275 1233,1293 1232,1294 1230,1294 1227,1297 1220,1297 1219,1296 1218,1296 1217,1295 1215,1295 1214,1294 1210,1294 1207,1292 1207,1274 1207,1273 1048,1274 1047,1275 1043,1275 1042,1276 1041,1276 1040,1275 1038,1275 1036,1273 998,1273 997,1272 755,1273 752,1276 752,1277 751,1278 750,1278 748,1277 748,1275 748,1274 668,1275 617,1275 615,1277 480,1277 479,1278 478,1278 477,1279 329,1280 328,1281 326,1281 325,1282 322,1282 321,1281 275,1281 274,1280 169,1281 169,1281 169,1305 169,1306"/>
        <TextEquiv index="0">
          <Unicode>Wunderwerck der Welt hat zehlen k&#246;nnen;</Unicode>
        </TextEquiv>
        <TextEquiv index="1">
          <Unicode>Wunderwerck der Welt hat zehlen k&#246;nnen;</Unicode>
        </TextEquiv>
      </TextLine>
      <TextLine id="l9">
        <Coords points="1928,1406 1928,1406 1928,1402 1927,1401 1927,1400 1926,1399 1885,1399 1883,1397 1880,1397 1877,1394 1877,1384 1876,1383 1867,1383 1866,1382 1767,1383 1766,1384 1763,1384 1762,1383 1761,1383 1760,1382 1684,1382 1684,1383 1684,1384 1683,1384 1634,1384 1633,1385 1632,1384 1631,1384 1630,1383 1561,1384 1561,1384 1561,1399 1560,1400 1553,1400 1553,1399 1553,1398 1552,1398 1551,1397 1550,1397 1549,1396 1481,1396 1480,1397 1477,1397 1476,1398 1474,1398 1472,1396 1471,1396 1470,1395 1470,1394 1468,1392 1468,1387 1467,1386 1408,1386 1407,1385 1338,1386 1337,1387 1336,1387 1335,1388 1328,1388 1327,1389 1324,1389 1319,1384 1187,1384 1186,1386 1186,1387 1181,1392 1181,1394 1180,1395 1180,1396 1177,1398 1176,1398 1175,1399 1173,1399 1172,1400 1171,1399 1169,1399 1168,1398 1167,1398 1166,1397 1166,1396 1164,1394 1164,1382 1163,1382 1079,1382 1079,1382 1079,1383 1076,1386 1058,1386 1058,1386 1058,1398 1056,1400 1055,1400 1055,1400 1055,1402 1054,1403 1053,1403 1052,1404 1031,1404 1031,1404 1031,1402 1030,1401 1030,1385 1029,1384 961,1384 960,1383 939,1383 938,1382 937,1382 936,1381 808,1382 807,1383 786,1383 786,1384 786,1394 785,1395 785,1400 784,1401 784,1404 781,1406 778,1406 777,1405 774,1405 773,1404 773,1386 772,1385 705,1386 704,1387 699,1387 698,1388 695,1388 694,1387 688,1387 687,1386 686,1386 685,1385 684,1385 683,1384 682,1384 680,1382 609,1382 607,1384 606,1384 604,1386 603,1386 602,1387 574,1387 573,1388 517,1388 516,1387 515,1387 514,1386 435,1387 435,1387 435,1398 434,1399 434,1400 433,1401 432,1401 430,1403 429,1403 427,1405 420,1405 419,1406 418,1405 416,1405 415,1404 414,1404 414,1403 414,1402 413,1401 413,1388 412,1388 346,1388 345,1387 320,1387 277,1387 276,1388 273,1388 272,1387 240,1388 238,1386 237,1386 236,1385 169,1385 169,1385 169,1409 168,1410 148,1410 148,1409 147,1306 148,1306 169,1306 169,1306 169,1324 169,1325 239,1325 240,1324 245,1324 246,1325 248,1324 252,1328 270,1328 271,1329 341,1329 341,1329 341,1323 344,1320 344,1319 345,1318 349,1314 350,1314 350,1314 350,1313 351,1312 352,1312 353,1311 410,1311 411,1310 413,1310 414,1309 416,1309 417,1310 423,1310 424,1311 424,1312 425,1313 425,1329 426,1330 503,1329 503,1329 503,1327 504,1326 504,1321 505,1320 505,1319 509,1315 510,1315 511,1314 512,1314 513,1313 515,1313 516,1315 516,1319 517,1320 517,1321 519,1322 522,1322 524,1324 525,1324 527,1326 532,1326 533,1328 533,1329 536,1331 608,1331 608,1330 608,1329 610,1328 659,1328 659,1327 659,1325 660,1324 660,1322 663,1319 663,1317 674,1307 677,1307 679,1305 680,1305 681,1304 682,1304 683,1303 686,1303 687,1302 707,1301 708,1300 714,1300 715,1301 723,1301 724,1303 724,1304 726,1305 794,1305 796,1303 798,1303 800,1301 801,1301 802,1302 807,1302 808,1303 809,1303 812,1306 903,1306 906,1309 906,1325 907,1326 977,1325 977,1325 977,1314 980,1311 982,1311 984,1309 988,1309 989,1308 995,1308 996,1307 1089,1307 1090,1308 1091,1308 1091,1308 1091,1309 1093,1311 1093,1323 1094,1324 1122,1324 1122,1324 1122,1325 1123,1326 1178,1325 1179,1326 1283,1326 1283,1325 1283,1320 1284,1319 1284,1318 1285,1317 1285,1315 1286,1314 1286,1313 1288,1311 1288,1310 1290,1308 1290,1307 1291,1307 1293,1307 1296,1304 1297,1304 1300,1300 1300,1299 1302,1298 1305,1298 1306,1297 1307,1297 1308,1296 1309,1296 1310,1295 1312,1295 1313,1294 1326,1294 1327,1295 1334,1295 1335,1296 1341,1296 1342,1297 1343,1297 1343,1297 1343,1299 1344,1300 1345,1300 1346,1301 1346,1303 1347,1304 1348,1305 1350,1305 1353,1308 1354,1308 1355,1309 1355,1310 1357,1312 1358,1312 1362,1316 1362,1317 1363,1318 1363,1321 1364,1322 1364,1324 1365,1325 1441,1324 1441,1324 1441,1311 1442,1310 1442,1309 1445,1306 1446,1307 1447,1307 1447,1308 1447,1311 1448,1312 1448,1319 1449,1319 1474,1319 1474,1320 1474,1321 1475,1321 1543,1321 1544,1319 1544,1318 1546,1316 1546,1315 1551,1311 1553,1311 1555,1309 1591,1309 1592,1310 1592,1311 1593,1312 1593,1313 1598,1318 1598,1319 1599,1320 1603,1320 1604,1321 1606,1321 1607,1322 1608,1322 1608,1322 1608,1323 1611,1326 1691,1325 1692,1324 1693,1324 1694,1323 1845,1323 1846,1322 1859,1321 1859,1321 1859,1312 1861,1310 1864,1310 1867,1307 1868,1307 1870,1305 1877,1305 1879,1303 1928,1303 1928,1303 1928,1302 1929,1301 1929,1299 1930,1298 1930,1297 1931,1296 1942,1296 1942,1297 1943,1406 1942,1406"/>
        <TextEquiv index="0">
          <Unicode>welche das Ca&#383;tell allhie zu Duitz (das auch</Unicode>
        </TextEquiv>
        <TextEquiv index="1">
          <Unicode>welche das Ca&#383;tell allhie zu Duitz (das auch</Unicode>
        </TextEquiv>
      </TextLine>
      <TextLine id="l10">
        <Coords points="1925,1517 1924,1517 1924,1493 1923,1492 1813,1493 1813,1493 1813,1505 1812,1506 1812,1507 1810,1510 1809,1510 1808,1511 1801,1511 1800,1510 1725,1510 1723,1508 1722,1508 1720,1507 1720,1496 1720,1495 1607,1496 1605,1498 1604,1498 1603,1499 1602,1499 1599,1502 1598,1502 1595,1504 1595,1505 1594,1507 1592,1507 1591,1506 1591,1495 1591,1495 1564,1495 1563,1494 1485,1494 1484,1495 1484,1505 1483,1506 1483,1507 1482,1508 1482,1509 1480,1511 1479,1510 1475,1510 1474,1509 1473,1509 1472,1509 1472,1495 1472,1494 1405,1494 1403,1493 1403,1492 1401,1490 1371,1491 1371,1491 1371,1515 1370,1517 1368,1515 1368,1491 1367,1491 1327,1491 1327,1491 1327,1493 1326,1494 1326,1496 1325,1497 1325,1498 1323,1500 1323,1502 1322,1503 1322,1504 1317,1510 1316,1510 1314,1512 1310,1512 1309,1513 1305,1513 1304,1514 1296,1514 1295,1513 1292,1513 1291,1512 1291,1511 1289,1509 1287,1509 1285,1507 1285,1506 1284,1505 1284,1503 1283,1502 1283,1495 1283,1495 1099,1496 1098,1497 1048,1497 1043,1493 969,1493 968,1494 967,1494 967,1495 964,1495 962,1494 962,1493 961,1492 872,1493 872,1493 872,1503 871,1504 871,1506 870,1507 870,1508 869,1510 826,1510 825,1510 825,1512 824,1513 824,1515 823,1517 822,1517 821,1518 820,1518 819,1517 817,1517 813,1514 813,1495 812,1494 707,1494 707,1495 705,1496 704,1495 704,1494 703,1494 657,1494 656,1493 573,1493 571,1495 556,1495 555,1497 555,1498 553,1500 553,1505 548,1510 548,1512 547,1513 546,1513 545,1514 544,1514 543,1515 537,1515 536,1516 524,1516 523,1515 521,1515 519,1513 517,1513 516,1512 452,1513 451,1512 451,1496 450,1496 424,1496 423,1495 338,1495 336,1498 336,1499 336,1499 335,1499 331,1503 329,1503 327,1505 327,1507 327,1507 321,1507 320,1508 320,1511 319,1512 319,1513 318,1514 318,1515 317,1516 314,1516 313,1517 311,1517 308,1515 308,1500 308,1499 246,1500 245,1499 244,1499 243,1498 169,1498 169,1498 169,1524 169,1525 149,1525 148,1524 148,1410 148,1410 168,1410 169,1410 169,1422 169,1423 239,1423 240,1424 242,1424 245,1427 319,1426 321,1425 321,1424 321,1423 322,1423 327,1418 328,1418 329,1417 333,1417 335,1415 341,1415 342,1416 392,1416 393,1417 467,1417 470,1414 472,1414 473,1413 474,1413 475,1414 478,1413 482,1417 482,1418 483,1419 483,1436 483,1436 538,1436 539,1435 574,1435 575,1434 576,1434 578,1432 579,1432 581,1430 585,1434 585,1436 585,1436 693,1436 694,1435 694,1432 695,1431 695,1430 696,1429 696,1425 697,1424 698,1424 699,1423 699,1422 700,1421 700,1420 701,1419 701,1418 703,1416 706,1415 708,1413 709,1413 711,1411 713,1411 714,1410 722,1410 723,1409 727,1409 728,1408 805,1408 806,1409 806,1415 806,1415 872,1415 873,1414 876,1414 877,1413 879,1413 880,1412 881,1412 882,1413 888,1413 890,1415 891,1415 894,1417 894,1430 894,1431 927,1431 929,1432 929,1434 929,1435 1011,1434 1012,1434 1012,1426 1017,1420 1018,1420 1019,1420 1019,1418 1019,1417 1022,1417 1024,1415 1028,1415 1029,1415 1029,1414 1029,1413 1032,1413 1033,1413 1033,1405 1033,1404 1050,1404 1051,1404 1051,1412 1051,1413 1068,1413 1069,1412 1082,1412 1083,1413 1109,1413 1112,1416 1113,1416 1118,1421 1121,1421 1123,1422 1123,1423 1126,1426 1126,1427 1127,1428 1127,1430 1128,1431 1128,1433 1128,1434 1237,1433 1238,1433 1238,1418 1239,1416 1241,1416 1242,1415 1243,1415 1244,1414 1245,1414 1246,1414 1246,1413 1247,1411 1249,1411 1250,1410 1251,1410 1252,1411 1253,1411 1256,1414 1265,1414 1267,1416 1267,1417 1269,1419 1269,1420 1270,1421 1270,1422 1271,1423 1271,1434 1271,1434 1375,1434 1377,1432 1379,1432 1380,1431 1381,1432 1383,1432 1384,1432 1384,1435 1384,1436 1470,1435 1471,1435 1471,1433 1472,1432 1472,1428 1475,1425 1475,1424 1476,1423 1476,1422 1477,1421 1477,1418 1478,1416 1479,1416 1481,1415 1481,1414 1482,1413 1482,1412 1483,1410 1484,1410 1486,1408 1490,1408 1492,1406 1493,1406 1494,1407 1495,1407 1498,1410 1498,1435 1498,1435 1565,1435 1566,1434 1610,1434 1611,1433 1611,1424 1613,1422 1644,1421 1646,1419 1650,1419 1651,1419 1651,1417 1653,1414 1654,1414 1655,1413 1657,1413 1658,1412 1735,1412 1736,1411 1742,1411 1743,1412 1744,1412 1746,1414 1747,1414 1748,1415 1841,1415 1843,1413 1843,1412 1843,1412 1844,1412 1845,1411 1848,1411 1849,1410 1926,1409 1927,1409 1927,1407 1927,1406 1942,1406 1943,1407 1943,1517 1943,1517"/>
        <TextEquiv index="0">
          <Unicode>de&#223; be&#383;agten K&#228;y&#383;ers Werck gewe&#383;en) be&#383;ch&#252;&#11799;</Unicode>
        </TextEquiv>
        <TextEquiv index="1">
          <Unicode>de&#223; be&#383;agten K&#228;y&#383;ers Werck gewe&#383;en) be&#383;ch&#252;&#11799;</Unicode>
        </TextEquiv>
      </TextLine>
      <TextLine id="l11">
        <Coords points="1923,1628 1923,1628 1923,1627 1922,1626 1922,1618 1921,1617 1843,1618 1843,1618 1843,1619 1841,1621 1839,1621 1838,1622 1837,1622 1836,1620 1836,1619 1835,1618 1835,1617 1833,1615 1832,1602 1832,1602 1752,1602 1751,1603 1672,1603 1671,1604 1671,1605 1669,1607 1670,1609 1669,1609 1668,1609 1668,1610 1668,1618 1667,1619 1667,1621 1666,1621 1664,1621 1661,1624 1659,1622 1658,1606 1658,1605 1570,1606 1568,1607 1569,1608 1568,1609 1568,1610 1567,1611 1567,1612 1566,1613 1566,1614 1565,1615 1565,1616 1564,1617 1564,1618 1562,1620 1561,1620 1560,1621 1559,1621 1558,1622 1557,1622 1556,1623 1548,1623 1547,1624 1498,1624 1497,1625 1494,1625 1493,1624 1491,1624 1490,1623 1488,1623 1487,1622 1485,1622 1485,1622 1485,1621 1484,1620 1483,1620 1483,1620 1483,1619 1482,1618 1481,1617 1480,1617 1480,1617 1480,1616 1479,1615 1478,1605 1478,1604 1461,1604 1460,1604 1460,1603 1460,1602 1365,1603 1363,1603 1362,1604 1360,1604 1359,1605 1358,1605 1357,1604 1356,1604 1355,1603 1346,1603 1342,1599 1263,1599 1261,1601 1260,1601 1259,1602 1258,1602 1257,1603 1256,1603 1255,1602 1148,1603 1147,1604 1117,1604 1116,1605 1115,1605 1114,1606 1112,1606 1111,1605 1111,1604 1111,1604 999,1604 998,1605 998,1606 997,1607 997,1608 996,1609 997,1615 996,1616 996,1618 994,1619 988,1619 986,1617 938,1617 937,1616 936,1602 936,1601 850,1602 848,1604 799,1604 798,1605 722,1605 720,1603 629,1604 623,1610 621,1610 619,1612 619,1613 618,1614 610,1614 610,1613 609,1604 609,1604 466,1605 465,1605 466,1621 464,1623 464,1625 463,1626 462,1626 461,1627 458,1627 457,1628 443,1628 440,1625 365,1625 364,1624 363,1624 362,1623 357,1623 356,1622 355,1622 353,1620 352,1620 352,1620 351,1608 351,1607 263,1607 262,1608 263,1621 262,1621 252,1621 251,1620 251,1619 250,1618 249,1610 249,1609 169,1610 169,1611 169,1631 168,1632 149,1632 149,1631 148,1525 149,1525 169,1525 169,1525 169,1548 169,1549 249,1548 254,1543 333,1543 334,1542 337,1542 338,1544 338,1546 339,1546 424,1546 425,1545 436,1545 436,1544 436,1535 437,1535 441,1535 447,1529 450,1529 451,1528 453,1528 454,1527 455,1528 543,1527 544,1526 545,1526 546,1528 546,1540 547,1540 653,1540 653,1539 653,1538 654,1538 655,1538 659,1534 660,1534 663,1537 664,1537 667,1540 668,1540 669,1541 672,1541 675,1544 678,1544 679,1545 825,1544 825,1543 825,1538 827,1537 835,1537 841,1530 841,1528 842,1528 846,1528 849,1525 851,1525 852,1526 852,1542 853,1543 971,1542 974,1539 974,1537 975,1536 975,1535 976,1534 977,1534 977,1534 977,1528 979,1526 992,1526 994,1524 998,1524 1000,1522 1002,1522 1003,1523 1094,1523 1095,1524 1129,1524 1130,1525 1130,1530 1131,1531 1181,1530 1183,1533 1183,1537 1184,1537 1185,1537 1186,1538 1188,1538 1189,1539 1191,1539 1192,1540 1193,1540 1194,1541 1195,1541 1195,1542 1195,1544 1196,1544 1298,1544 1299,1542 1299,1540 1302,1537 1302,1536 1303,1535 1303,1534 1305,1533 1307,1533 1307,1532 1307,1531 1308,1530 1308,1528 1309,1528 1310,1528 1311,1527 1315,1527 1317,1525 1320,1525 1321,1524 1324,1524 1325,1523 1326,1523 1327,1524 1332,1524 1333,1525 1336,1525 1338,1527 1339,1527 1341,1529 1364,1529 1365,1530 1446,1529 1449,1526 1450,1526 1451,1525 1452,1525 1453,1524 1454,1524 1455,1523 1457,1523 1458,1522 1459,1523 1466,1523 1467,1525 1467,1526 1468,1527 1468,1529 1469,1529 1470,1529 1470,1530 1470,1531 1471,1532 1471,1544 1472,1544 1552,1544 1553,1543 1556,1543 1558,1545 1649,1544 1649,1544 1649,1535 1650,1534 1710,1534 1710,1534 1710,1533 1715,1528 1715,1527 1718,1524 1718,1523 1720,1521 1722,1521 1723,1520 1726,1520 1727,1519 1728,1519 1729,1518 1730,1518 1731,1517 1741,1517 1742,1516 1744,1516 1745,1517 1751,1517 1753,1519 1754,1519 1756,1521 1811,1521 1811,1521 1811,1523 1812,1524 1812,1534 1813,1535 1813,1541 1814,1542 1851,1542 1852,1541 1853,1540 1854,1539 1924,1539 1924,1539 1924,1518 1925,1517 1943,1517 1943,1518 1944,1628 1943,1628"/>
        <TextEquiv index="0">
          <Unicode>tzet gehabt; das aber / &#383;a&#58834;t der Br&#252;ggen / K&#228;y&#11799;</Unicode>
        </TextEquiv>
        <TextEquiv index="1">
          <Unicode>tzet gehabt; das aber / &#383;amt der Br&#252;ggen / K&#228;y&#11799;</Unicode>
        </TextEquiv>
      </TextLine>
      <TextLine id="l12">
        <Coords points="150,1746 149,1745 149,1632 149,1632 168,1632 169,1633 753,1630 755,1632 844,1632 845,1633 1943,1628 1944,1629 1944,1737 1944,1737 1924,1737 1923,1737 1923,1734 1922,1733 1922,1732 1922,1731 816,1736 815,1737 169,1740 169,1740 169,1745 169,1746"/>
        <TextEquiv index="0">
          <Unicode>&#383;er Otto der Er&#383;te / au&#223; erheblichen Ur&#383;achen /</Unicode>
        </TextEquiv>
        <TextEquiv index="1">
          <Unicode>&#383;er Otto der Er&#383;te / au&#223; erheblichen Ur&#383;achen /</Unicode>
        </TextEquiv>
      </TextLine>
      <TextLine id="l13">
        <Coords points="1188,1856 1180,1856 1180,1856 1180,1847 1179,1846 169,1851 168,1852 150,1852 150,1851 149,1746 150,1746 169,1746 169,1747 1102,1743 1103,1742 1104,1742 1106,1740 1141,1740 1141,1739 1141,1738 1142,1738 1168,1737 1168,1737 1168,1735 1169,1734 1191,1734 1191,1735 1191,1739 1192,1739 1293,1739 1294,1740 1944,1737 1944,1738 1945,1844 1944,1844 1714,1845 1713,1846 1190,1848 1190,1849 1190,1857 1189,1857"/>
        <TextEquiv index="0">
          <Unicode>wieder abgethan hat. Im Jahr 1632. haben</Unicode>
        </TextEquiv>
        <TextEquiv index="1">
          <Unicode>wieder abgethan hat. Im Jahr 1632. haben</Unicode>
        </TextEquiv>
      </TextLine>
      <TextLine id="l14">
        <Coords points="1922,1957 1921,1957 1921,1950 1920,1949 1730,1950 1730,1951 1730,1952 1728,1954 1727,1954 1726,1955 1725,1955 1723,1957 1721,1957 1720,1956 1625,1956 1623,1955 1623,1954 1623,1954 1568,1954 1565,1951 1565,1949 1564,1948 1564,1938 1563,1938 1552,1938 1552,1937 1552,1936 1550,1935 1492,1935 1491,1934 1470,1934 1469,1933 1266,1934 1266,1935 1266,1936 1264,1938 1264,1941 1263,1942 1263,1944 1260,1947 1260,1948 1259,1948 1257,1948 1257,1949 1257,1950 1254,1952 1250,1952 1250,1953 1249,1953 1247,1952 1166,1952 1164,1950 1164,1949 1163,1948 1163,1939 1162,1939 1122,1939 1121,1937 1121,1936 1120,1936 1006,1936 1005,1937 854,1938 853,1939 853,1947 851,1949 850,1949 849,1950 848,1950 847,1951 845,1951 844,1949 844,1943 843,1942 843,1937 842,1937 785,1937 784,1936 601,1937 600,1938 599,1938 598,1939 565,1939 564,1940 558,1940 557,1941 549,1941 548,1940 547,1940 546,1939 475,1940 474,1939 410,1939 410,1938 410,1937 409,1937 284,1937 281,1940 169,1941 169,1941 169,1963 169,1964 151,1964 150,1963 150,1852 150,1852 168,1852 169,1852 169,1862 169,1863 294,1862 296,1864 297,1864 298,1865 298,1877 298,1877 326,1877 327,1878 449,1878 450,1877 517,1876 518,1876 518,1875 520,1873 520,1871 521,1870 521,1868 522,1867 522,1866 526,1862 526,1861 527,1859 528,1859 529,1858 530,1858 533,1855 534,1855 535,1854 539,1854 540,1853 546,1853 547,1852 575,1852 576,1853 577,1853 581,1857 618,1857 619,1858 671,1858 672,1859 675,1859 677,1860 677,1863 677,1864 795,1863 798,1860 850,1860 853,1857 854,1857 855,1856 856,1856 858,1854 864,1854 866,1852 867,1852 868,1853 869,1853 870,1854 871,1854 872,1855 873,1855 874,1856 875,1856 877,1857 877,1858 878,1859 878,1870 878,1871 981,1870 984,1868 984,1867 986,1864 989,1864 991,1862 994,1862 996,1861 996,1860 996,1859 1000,1859 1001,1858 1003,1858 1004,1858 1004,1857 1005,1855 1007,1853 1008,1853 1009,1852 1019,1852 1020,1851 1021,1851 1023,1853 1023,1859 1025,1861 1025,1863 1026,1864 1026,1865 1027,1866 1028,1866 1030,1868 1030,1869 1031,1870 1031,1871 1031,1871 1164,1871 1165,1869 1167,1869 1168,1869 1168,1868 1168,1867 1170,1865 1171,1865 1172,1865 1172,1862 1173,1861 1173,1860 1176,1856 1188,1856 1189,1857 1193,1857 1196,1860 1196,1873 1196,1873 1290,1873 1291,1873 1291,1875 1291,1876 1396,1875 1397,1876 1503,1876 1504,1876 1504,1865 1505,1863 1506,1863 1507,1862 1554,1862 1555,1861 1558,1861 1560,1859 1564,1859 1565,1858 1631,1857 1632,1856 1635,1856 1636,1856 1636,1855 1637,1853 1638,1853 1639,1852 1644,1852 1645,1851 1664,1851 1666,1853 1666,1854 1667,1855 1687,1855 1688,1856 1803,1856 1804,1855 1835,1855 1836,1854 1837,1854 1838,1853 1840,1853 1841,1852 1844,1852 1845,1851 1923,1850 1924,1849 1937,1849 1938,1849 1938,1845 1938,1844 1944,1844 1945,1845 1945,1957 1945,1957"/>
        <TextEquiv index="0">
          <Unicode>die von C&#246;lln die&#383;en Ort / &#383;o zwar nicht Ihr i&#383;t /</Unicode>
        </TextEquiv>
        <TextEquiv index="1">
          <Unicode>die von C&#246;lln die&#383;en Ort / &#383;o zwar nicht Ihr i&#383;t /</Unicode>
        </TextEquiv>
      </TextLine>
      <TextLine id="l15">
        <Coords points="1921,2066 1921,2066 1920,2041 1920,2040 1783,2041 1782,2042 1706,2042 1705,2043 1625,2043 1623,2046 1604,2046 1603,2046 1603,2049 1602,2050 1602,2053 1599,2057 1596,2057 1595,2057 1595,2059 1592,2063 1589,2063 1588,2064 1491,2064 1489,2062 1488,2062 1487,2062 1487,2046 1487,2045 1462,2045 1461,2044 1421,2044 1420,2043 1418,2043 1417,2042 1263,2043 1262,2044 1262,2046 1262,2046 1260,2046 1259,2045 1213,2045 1212,2044 1043,2045 1042,2046 1042,2063 1041,2064 1039,2064 1038,2065 1035,2065 1034,2066 975,2066 971,2063 971,2062 970,2060 853,2061 852,2060 847,2060 846,2059 842,2059 839,2056 838,2056 836,2054 836,2052 833,2049 833,2048 832,2047 832,2046 832,2046 697,2047 695,2048 695,2049 694,2050 694,2052 693,2053 693,2055 687,2062 686,2062 684,2064 681,2064 680,2065 677,2065 676,2066 667,2066 664,2063 659,2063 656,2060 656,2059 655,2058 655,2055 654,2054 654,2045 654,2045 508,2045 507,2046 507,2065 507,2065 504,2065 503,2066 503,2067 503,2067 502,2067 501,2068 494,2068 493,2069 490,2069 489,2068 488,2068 487,2067 484,2067 480,2064 480,2048 480,2047 310,2048 309,2049 305,2049 304,2048 169,2049 169,2049 169,2068 168,2069 169,2072 168,2073 151,2073 151,2072 150,1964 151,1964 169,1964 169,1964 169,1984 169,1985 313,1984 313,1984 313,1979 314,1978 314,1976 316,1974 317,1974 318,1975 337,1975 337,1976 337,1977 341,1980 342,1980 345,1983 346,1983 347,1984 348,1984 349,1985 462,1985 462,1984 462,1976 465,1974 484,1973 486,1971 488,1971 489,1970 491,1970 493,1968 496,1968 499,1971 500,1971 500,1972 500,1973 502,1975 502,1984 503,1984 529,1984 531,1986 645,1986 645,1985 645,1975 646,1974 646,1973 647,1972 647,1971 648,1971 649,1971 649,1971 649,1972 651,1974 651,1985 652,1986 681,1986 682,1987 803,1986 804,1985 829,1985 829,1984 829,1982 831,1980 831,1976 833,1975 834,1975 835,1973 835,1972 836,1971 836,1970 840,1967 841,1967 842,1965 842,1964 843,1964 845,1964 846,1963 848,1963 850,1961 866,1961 867,1960 872,1960 873,1961 874,1961 875,1962 876,1962 876,1962 876,1963 877,1964 878,1964 879,1965 880,1965 881,1966 882,1966 883,1967 884,1967 888,1971 888,1981 889,1982 1012,1981 1012,1981 1012,1979 1013,1978 1013,1976 1014,1975 1014,1974 1015,1973 1018,1973 1021,1970 1022,1970 1024,1968 1035,1968 1036,1967 1039,1967 1040,1969 1040,1970 1041,1970 1107,1970 1109,1972 1112,1972 1112,1972 1112,1978 1113,1979 1138,1979 1140,1981 1140,1986 1141,1987 1284,1986 1284,1985 1284,1984 1285,1983 1285,1982 1287,1980 1287,1979 1288,1979 1328,1979 1328,1978 1328,1976 1331,1973 1331,1972 1333,1971 1335,1971 1339,1967 1342,1967 1344,1965 1345,1966 1345,1973 1346,1974 1499,1973 1501,1971 1503,1971 1505,1969 1506,1969 1508,1967 1511,1967 1512,1966 1513,1966 1514,1965 1517,1965 1518,1964 1522,1964 1524,1966 1524,1967 1526,1969 1561,1969 1563,1971 1563,1978 1564,1979 1668,1978 1668,1979 1668,1982 1669,1982 1847,1982 1847,1981 1847,1976 1848,1975 1848,1974 1852,1971 1853,1971 1855,1968 1857,1968 1859,1966 1860,1966 1861,1965 1863,1965 1864,1964 1921,1964 1922,1963 1922,1958 1923,1957 1945,1957 1945,1958 1946,2066 1945,2066"/>
        <TextEquiv index="0">
          <Unicode>wider ihre eigene Freyheiten / beve&#383;tiget; wel&#11799;</Unicode>
        </TextEquiv>
        <TextEquiv index="1">
          <Unicode>wider ihre eigene Freyheiten / beve&#383;tiget; wel&#11799;</Unicode>
        </TextEquiv>
      </TextLine>
      <TextLine id="l16">
        <Coords points="1919,2178 1919,2178 1919,2177 1918,2176 1918,2171 1917,2170 1788,2171 1787,2172 1785,2172 1784,2173 1782,2173 1780,2170 1780,2156 1779,2156 1574,2157 1573,2156 1569,2156 1567,2154 1434,2154 1434,2155 1434,2162 1433,2163 1433,2165 1431,2167 1431,2168 1430,2169 1430,2170 1426,2173 1424,2173 1424,2173 1424,2168 1423,2167 1423,2152 1422,2151 1285,2152 1282,2155 1278,2155 1277,2156 1274,2156 1273,2157 1270,2157 1269,2158 1184,2158 1184,2159 1184,2169 1179,2173 1170,2173 1169,2172 1165,2173 1164,2172 1092,2172 1092,2171 1092,2170 1090,2168 1090,2167 1089,2166 1089,2154 1088,2154 1031,2154 1030,2153 1029,2153 1028,2152 903,2153 903,2153 903,2171 900,2174 899,2174 898,2175 895,2175 892,2172 891,2172 890,2171 889,2171 888,2170 887,2170 886,2168 886,2167 885,2166 885,2160 884,2160 778,2160 777,2159 774,2159 772,2157 767,2157 766,2156 762,2156 759,2153 671,2154 618,2154 617,2155 550,2155 549,2156 434,2157 433,2158 382,2158 380,2160 379,2160 378,2161 298,2161 298,2162 298,2172 295,2175 295,2177 294,2177 169,2178 169,2178 169,2185 169,2186 152,2186 151,2185 151,2073 151,2073 168,2073 169,2073 169,2080 169,2081 280,2080 282,2082 286,2082 289,2085 289,2098 289,2098 335,2098 336,2099 418,2099 419,2098 419,2082 419,2082 473,2082 474,2081 476,2081 477,2080 478,2079 479,2078 485,2078 487,2080 487,2082 487,2082 608,2082 610,2083 610,2086 611,2088 615,2088 617,2090 743,2089 744,2089 744,2088 747,2084 751,2084 752,2084 752,2083 755,2079 757,2079 758,2078 759,2078 760,2077 761,2077 764,2074 769,2074 770,2073 774,2073 775,2074 795,2074 797,2076 799,2076 800,2077 803,2077 804,2078 888,2078 890,2079 890,2093 890,2094 1019,2093 1020,2093 1020,2092 1020,2091 1021,2091 1022,2091 1022,2088 1022,2087 1090,2087 1094,2083 1094,2082 1095,2081 1095,2080 1097,2078 1099,2078 1100,2077 1102,2077 1105,2074 1107,2074 1108,2073 1109,2073 1110,2072 1113,2072 1114,2073 1115,2073 1117,2074 1117,2075 1118,2077 1119,2077 1120,2078 1259,2077 1260,2077 1260,2076 1262,2073 1263,2073 1264,2072 1276,2072 1277,2073 1450,2072 1451,2071 1452,2072 1453,2072 1454,2073 1455,2073 1457,2075 1551,2075 1552,2076 1553,2076 1556,2079 1560,2079 1561,2080 1584,2080 1585,2081 1587,2081 1589,2083 1591,2083 1593,2085 1764,2084 1766,2082 1786,2082 1787,2081 1787,2079 1788,2078 1791,2078 1793,2076 1793,2074 1795,2072 1798,2072 1799,2071 1800,2071 1801,2070 1823,2070 1824,2069 1919,2068 1920,2068 1920,2067 1920,2066 1945,2066 1946,2067 1946,2178 1945,2178"/>
        <TextEquiv index="0">
          <Unicode>chen aber der Schwedi&#383;ch Obri&#383;t Baudi&#383;&#383;in</Unicode>
        </TextEquiv>
        <TextEquiv index="1">
          <Unicode>chen aber der Schwedi&#383;ch Obri&#383;t Baudi&#383;&#383;in</Unicode>
        </TextEquiv>
      </TextLine>
      <TextLine id="l17">
        <Coords points="1448,2283 1447,2282 1446,2282 1445,2281 1444,2281 1442,2279 1441,2279 1440,2278 1439,2278 1438,2278 1438,2277 1437,2276 1437,2275 1436,2274 1436,2264 1436,2263 1419,2263 1417,2262 1417,2261 1417,2260 1247,2261 1246,2262 1246,2263 1245,2264 1245,2265 1244,2266 1244,2267 1243,2268 1243,2269 1240,2272 1240,2273 1239,2274 1239,2275 1235,2279 1235,2280 1234,2281 1234,2282 1233,2283 1230,2283 1229,2282 1227,2282 1226,2282 1226,2261 1226,2260 1159,2261 1158,2262 1157,2262 1156,2263 1128,2263 1127,2263 1127,2266 1126,2267 1126,2278 1125,2279 1125,2281 1124,2283 1121,2283 1119,2281 1083,2281 1082,2280 1078,2280 1076,2278 1076,2277 1075,2276 1075,2264 1075,2264 996,2264 993,2262 993,2261 993,2260 904,2261 900,2261 899,2261 899,2263 899,2264 867,2264 866,2265 817,2265 816,2266 754,2266 753,2267 753,2268 751,2270 748,2270 746,2269 746,2265 746,2264 649,2265 648,2266 647,2266 646,2265 549,2265 548,2266 493,2266 492,2267 490,2267 489,2268 382,2269 378,2272 378,2275 377,2276 377,2277 377,2278 374,2278 372,2279 372,2280 369,2284 365,2284 364,2285 361,2285 360,2286 359,2285 354,2285 352,2283 350,2283 348,2281 344,2281 342,2280 342,2275 341,2274 341,2268 341,2267 275,2267 274,2268 272,2268 271,2269 169,2270 169,2270 169,2288 169,2289 152,2289 151,2288 151,2186 152,2186 169,2186 169,2186 169,2213 169,2214 248,2214 250,2211 252,2211 253,2210 254,2210 255,2209 280,2209 280,2209 280,2198 281,2197 281,2195 282,2194 282,2193 283,2192 284,2192 285,2193 286,2193 286,2194 286,2197 287,2198 287,2211 288,2211 362,2211 363,2210 364,2210 365,2209 412,2209 413,2208 414,2208 415,2209 435,2209 437,2211 547,2210 548,2209 549,2209 550,2208 598,2208 599,2207 623,2207 624,2206 649,2206 650,2207 690,2207 691,2208 692,2208 693,2209 695,2209 695,2208 695,2189 696,2189 696,2189 696,2208 697,2209 772,2208 773,2207 775,2207 776,2206 884,2206 884,2205 884,2202 885,2201 885,2196 886,2195 886,2193 887,2193 891,2193 892,2192 945,2191 946,2193 946,2195 947,2195 948,2195 949,2196 950,2196 952,2198 954,2198 956,2200 957,2200 959,2202 962,2202 963,2203 964,2203 965,2204 966,2204 966,2205 966,2206 968,2207 1056,2207 1056,2206 1056,2195 1058,2194 1061,2194 1063,2192 1064,2192 1065,2191 1066,2191 1067,2190 1072,2190 1073,2189 1074,2189 1075,2188 1129,2188 1131,2186 1136,2186 1138,2184 1141,2184 1142,2182 1145,2182 1150,2186 1151,2186 1152,2187 1152,2205 1153,2206 1222,2205 1223,2204 1223,2203 1224,2202 1246,2202 1248,2200 1249,2201 1250,2201 1253,2204 1348,2204 1349,2203 1353,2203 1353,2202 1353,2191 1354,2190 1354,2189 1356,2188 1375,2188 1376,2187 1378,2187 1379,2186 1385,2186 1386,2187 1403,2186 1404,2187 1432,2187 1433,2189 1433,2204 1434,2204 1509,2204 1510,2203 1512,2203 1514,2205 1582,2205 1582,2204 1582,2191 1583,2190 1583,2188 1584,2187 1584,2186 1585,2186 1588,2186 1589,2187 1589,2190 1590,2191 1637,2190 1637,2191 1637,2196 1640,2198 1642,2198 1644,2200 1645,2200 1646,2201 1647,2201 1648,2202 1650,2202 1651,2203 1652,2203 1653,2204 1761,2204 1762,2203 1763,2203 1764,2204 1842,2204 1843,2203 1845,2203 1846,2202 1917,2201 1917,2201 1917,2184 1918,2183 1918,2180 1919,2178 1945,2178 1946,2179 1946,2280 1946,2280 1920,2280 1919,2280 1919,2258 1919,2257 1820,2258 1818,2260 1816,2260 1814,2258 1814,2257 1814,2257 1720,2257 1717,2260 1715,2260 1714,2261 1714,2262 1713,2263 1572,2264 1571,2263 1480,2263 1477,2266 1477,2270 1474,2273 1474,2274 1469,2279 1468,2279 1467,2280 1467,2282 1467,2282 1466,2282 1465,2283"/>
        <TextEquiv index="0">
          <Unicode>eingenommen / und doch freywillig wieder ver&#11799;</Unicode>
        </TextEquiv>
        <TextEquiv index="1">
          <Unicode>eingenommen / und doch fre ywillig wieder ver&#11799;</Unicode>
        </TextEquiv>
      </TextLine>
      <TextLine id="l18">
        <Coords points="1938,2399 1938,2399 1938,2370 1937,2369 1828,2370 1828,2370 1828,2371 1827,2372 1826,2372 1824,2374 1823,2374 1821,2376 1820,2376 1819,2375 1689,2375 1688,2376 1684,2376 1683,2377 1665,2377 1663,2375 1660,2375 1659,2374 1654,2374 1654,2374 1654,2373 1653,2372 1436,2373 1435,2374 1434,2374 1433,2373 1432,2373 1432,2373 1432,2370 1431,2369 1257,2370 1256,2371 1230,2371 1228,2373 1122,2374 1121,2375 1119,2375 1114,2380 1109,2380 1109,2380 1109,2387 1108,2388 1107,2388 1106,2387 1105,2387 1104,2386 1093,2386 1091,2383 1091,2375 1090,2375 949,2375 949,2376 949,2387 945,2390 944,2390 942,2392 941,2392 940,2391 938,2391 937,2390 934,2391 933,2389 933,2388 932,2387 932,2375 931,2375 796,2375 795,2376 793,2376 791,2374 643,2375 641,2377 615,2377 614,2378 611,2375 541,2375 540,2374 539,2374 538,2373 429,2374 428,2375 428,2377 427,2378 426,2378 425,2379 348,2379 346,2382 346,2383 344,2385 344,2395 343,2395 342,2395 342,2396 342,2397 340,2398 311,2398 310,2399 309,2399 308,2398 307,2397 307,2396 306,2395 306,2379 305,2378 169,2379 169,2379 169,2402 168,2403 152,2403 152,2402 151,2289 152,2289 169,2289 169,2289 169,2299 169,2300 320,2299 321,2298 322,2298 323,2297 324,2297 325,2296 330,2296 331,2295 352,2295 353,2294 359,2294 360,2293 361,2294 362,2294 365,2297 366,2297 366,2297 367,2299 369,2301 369,2316 369,2317 403,2317 405,2319 427,2319 429,2321 536,2320 540,2316 541,2316 542,2315 641,2315 646,2310 650,2310 651,2309 652,2309 654,2310 654,2314 654,2315 863,2314 865,2312 865,2309 866,2308 866,2306 869,2303 917,2303 919,2301 919,2300 921,2298 925,2298 927,2296 929,2296 930,2297 932,2297 933,2298 937,2297 939,2299 939,2300 940,2301 940,2316 940,2316 1075,2316 1076,2315 1076,2307 1082,2301 1083,2301 1086,2298 1086,2297 1086,2297 1088,2297 1089,2296 1090,2296 1092,2294 1182,2293 1183,2294 1184,2294 1185,2296 1186,2303 1186,2303 1328,2303 1331,2300 1332,2300 1334,2298 1335,2298 1336,2297 1338,2297 1339,2296 1429,2295 1430,2294 1432,2294 1433,2296 1434,2304 1434,2304 1435,2304 1436,2305 1439,2305 1440,2306 1442,2306 1443,2307 1444,2307 1445,2308 1445,2309 1445,2309 1457,2309 1459,2311 1459,2315 1459,2315 1630,2314 1632,2313 1632,2310 1636,2305 1637,2305 1639,2304 1639,2303 1640,2301 1641,2301 1642,2300 1643,2300 1645,2298 1647,2298 1649,2296 1651,2296 1652,2295 1654,2295 1655,2294 1656,2294 1657,2293 1659,2293 1660,2292 1664,2292 1665,2291 1668,2291 1669,2290 1816,2290 1817,2289 1919,2288 1919,2288 1919,2281 1920,2280 1946,2280 1946,2281 1947,2399 1946,2399"/>
        <TextEquiv index="0">
          <Unicode>la&#383;&#383;en; unter welchen H&#228;ndeln dann S. Ur&#11799;</Unicode>
        </TextEquiv>
        <TextEquiv index="1">
          <Unicode>la&#383;&#383;en; unter welchen H&#228;ndeln dann S. Ur&#11799;</Unicode>
        </TextEquiv>
      </TextLine>
      <TextLine id="l19">
        <Coords points="153,2515 152,2514 152,2403 152,2403 168,2403 169,2403 169,2411 169,2412 234,2412 236,2410 238,2410 240,2408 241,2408 242,2407 243,2407 244,2406 245,2406 246,2407 248,2407 249,2407 250,2407 252,2409 252,2411 253,2412 253,2415 254,2415 262,2415 262,2416 261,2417 261,2430 262,2430 324,2430 325,2429 349,2429 350,2428 351,2429 448,2429 448,2428 448,2425 450,2423 450,2420 452,2418 452,2417 455,2414 455,2413 456,2412 456,2410 457,2409 457,2408 457,2408 458,2408 459,2407 462,2407 463,2406 467,2406 468,2405 471,2405 472,2404 479,2403 480,2402 481,2402 482,2401 487,2401 488,2400 489,2400 490,2401 497,2401 500,2404 501,2404 507,2410 538,2410 539,2411 539,2412 540,2413 540,2417 539,2418 539,2427 540,2427 607,2427 607,2426 607,2419 608,2418 608,2417 610,2415 610,2414 611,2414 612,2414 613,2412 613,2411 615,2409 617,2409 618,2408 619,2408 620,2407 624,2407 626,2408 626,2409 626,2410 631,2410 633,2411 633,2428 634,2429 713,2428 713,2428 713,2416 714,2415 717,2415 719,2413 720,2413 721,2411 722,2411 723,2410 725,2410 726,2409 767,2409 768,2408 769,2408 770,2407 771,2407 773,2405 784,2405 786,2407 786,2408 786,2408 819,2408 820,2409 822,2409 824,2410 824,2411 825,2412 825,2413 824,2414 824,2424 825,2425 884,2425 887,2421 887,2420 889,2419 900,2419 900,2418 900,2416 901,2415 901,2414 903,2413 905,2413 906,2414 907,2414 911,2418 912,2418 914,2420 914,2421 916,2423 918,2423 919,2424 925,2424 926,2425 926,2426 927,2427 951,2426 952,2427 1045,2427 1046,2426 1059,2426 1059,2425 1059,2417 1058,2416 1058,2414 1059,2414 1064,2414 1065,2412 1065,2405 1065,2405 1066,2406 1075,2406 1077,2407 1077,2408 1077,2409 1079,2409 1082,2411 1082,2424 1083,2425 1163,2425 1163,2424 1163,2423 1164,2422 1164,2421 1166,2420 1181,2419 1181,2419 1181,2411 1180,2410 1174,2410 1172,2408 1172,2407 1172,2406 1177,2406 1180,2403 1181,2403 1182,2402 1185,2402 1186,2401 1187,2401 1188,2402 1220,2402 1221,2403 1222,2403 1223,2404 1223,2409 1224,2410 1224,2412 1225,2412 1226,2412 1226,2413 1226,2414 1227,2414 1228,2414 1229,2416 1229,2417 1232,2419 1233,2419 1233,2420 1233,2423 1235,2424 1305,2424 1305,2423 1305,2418 1306,2417 1306,2414 1307,2413 1307,2412 1309,2411 1311,2411 1311,2410 1311,2409 1312,2408 1313,2408 1314,2407 1316,2407 1317,2407 1317,2408 1318,2409 1318,2413 1317,2414 1317,2422 1318,2423 1336,2423 1337,2424 1417,2423 1418,2422 1469,2422 1469,2422 1469,2421 1470,2420 1470,2418 1473,2415 1473,2414 1474,2413 1486,2413 1487,2412 1487,2411 1488,2409 1490,2409 1492,2411 1492,2413 1497,2417 1499,2417 1500,2418 1501,2418 1502,2419 1503,2419 1504,2420 1506,2420 1507,2421 1509,2421 1509,2422 1509,2423 1511,2424 1582,2424 1582,2423 1582,2412 1583,2412 1583,2412 1583,2425 1584,2426 1661,2425 1661,2425 1661,2421 1662,2420 1662,2419 1664,2417 1664,2416 1666,2414 1666,2413 1667,2412 1667,2411 1671,2406 1673,2406 1674,2405 1676,2405 1680,2401 1720,2401 1721,2402 1724,2402 1726,2404 1726,2410 1726,2410 1725,2410 1724,2411 1722,2411 1721,2412 1715,2412 1714,2413 1714,2425 1715,2425 1795,2425 1796,2424 1832,2424 1833,2425 1919,2424 1919,2424 1919,2418 1920,2417 1938,2417 1938,2417 1938,2400 1938,2399 1946,2399 1947,2400 1947,2500 1947,2500 1918,2500 1917,2500 1917,2497 1916,2496 1916,2483 1916,2482 1852,2483 1851,2482 1770,2482 1768,2483 1768,2486 1767,2487 1767,2488 1767,2489 1766,2489 1764,2490 1764,2491 1763,2492 1763,2493 1762,2494 1762,2496 1761,2498 1760,2498 1759,2498 1759,2499 1759,2500 1757,2500 1756,2501 1753,2501 1752,2502 1751,2502 1750,2503 1743,2503 1742,2504 1739,2504 1737,2502 1735,2502 1734,2501 1689,2501 1687,2500 1687,2499 1687,2498 1663,2498 1662,2498 1662,2487 1661,2486 1661,2485 1661,2484 1636,2484 1635,2484 1635,2483 1635,2482 1590,2483 1589,2482 1450,2482 1448,2484 1448,2486 1447,2487 1444,2487 1441,2485 1441,2483 1441,2482 1415,2482 1413,2481 1413,2480 1413,2479 1387,2480 1386,2479 1312,2479 1309,2482 1308,2482 1306,2480 1283,2480 1282,2479 1216,2479 1215,2480 1213,2480 1209,2484 1193,2484 1192,2485 1192,2486 1191,2487 1191,2490 1190,2491 1190,2492 1189,2493 1189,2494 1188,2495 1188,2497 1184,2501 1180,2501 1178,2503 1175,2503 1173,2502 1173,2500 1175,2498 1181,2498 1181,2498 1181,2482 1181,2481 1092,2482 1091,2482 1091,2499 1091,2500 1087,2500 1086,2501 1085,2501 1084,2502 1083,2501 1082,2501 1081,2500 1080,2500 1079,2499 1079,2494 1078,2493 1078,2492 1077,2491 1077,2486 1077,2486 1066,2486 1064,2484 1064,2483 1064,2483 977,2483 976,2484 974,2484 973,2483 951,2483 949,2481 868,2482 866,2483 866,2487 865,2489 864,2489 863,2488 863,2487 862,2486 862,2485 862,2485 791,2485 790,2486 790,2502 787,2505 784,2505 783,2506 779,2506 778,2507 776,2507 775,2506 773,2506 772,2505 771,2505 770,2504 767,2504 766,2504 766,2503 765,2502 765,2485 765,2484 701,2485 699,2487 642,2487 641,2487 641,2498 639,2501 636,2501 635,2500 630,2500 625,2495 625,2487 625,2487 612,2487 611,2486 611,2485 610,2484 530,2484 527,2487 526,2487 525,2488 521,2488 520,2487 493,2487 492,2486 452,2487 451,2486 379,2486 378,2487 351,2487 350,2488 348,2488 346,2486 283,2486 282,2487 247,2488 246,2487 241,2487 240,2486 237,2486 236,2485 235,2485 234,2484 169,2484 169,2484 169,2514 169,2515"/>
        <TextEquiv index="0">
          <Unicode>bans&#11799;Kirch allhie / durchs Pulver / drauff gan&#11799;</Unicode>
        </TextEquiv>
        <TextEquiv index="1">
          <Unicode>bans&#11799;Kirch allhie / durchs Pulver / drauff gan&#11799;</Unicode>
        </TextEquiv>
      </TextLine>
      <TextLine id="l20">
        <Coords points="1851,2616 1851,2615 1851,2613 1850,2613 1624,2614 1623,2613 1622,2613 1620,2611 1619,2611 1618,2610 1065,2612 1064,2611 258,2614 256,2616 255,2616 253,2618 238,2619 237,2620 169,2620 169,2620 169,2621 168,2622 153,2622 153,2621 152,2515 153,2515 623,2513 624,2512 627,2512 628,2513 1473,2509 1474,2508 1475,2508 1476,2507 1487,2507 1488,2506 1917,2504 1917,2504 1917,2501 1918,2500 1947,2500 1947,2501 1948,2615 1947,2615"/>
        <TextEquiv index="0">
          <Unicode>gen i&#383;t. Als das Weymari&#383;che Kriegsvolck</Unicode>
        </TextEquiv>
        <TextEquiv index="1">
          <Unicode>gen i&#383;t. Als das Weymari&#383;che Kriegs volck</Unicode>
        </TextEquiv>
      </TextLine>
      <TextLine id="l21">
        <Coords points="1196,2730 1195,2730 1195,2720 1195,2719 1171,2719 1170,2719 1170,2712 1170,2711 1147,2712 1146,2711 1146,2709 1146,2709 767,2710 766,2711 766,2718 765,2719 765,2720 764,2721 764,2722 764,2722 759,2722 758,2723 758,2724 758,2724 516,2725 515,2726 515,2727 514,2728 169,2730 169,2730 169,2733 169,2734 154,2734 153,2733 153,2622 153,2622 168,2622 169,2623 391,2622 392,2623 406,2623 410,2627 509,2626 510,2627 512,2627 516,2631 1006,2629 1007,2628 1008,2628 1009,2627 1010,2627 1012,2625 1014,2625 1015,2624 1025,2624 1026,2623 1033,2623 1035,2621 1036,2621 1037,2620 1040,2620 1041,2621 1307,2620 1309,2621 1309,2624 1309,2625 1353,2625 1354,2626 1404,2625 1405,2626 1405,2627 1405,2627 1792,2626 1793,2625 1796,2625 1797,2624 1913,2623 1914,2623 1914,2616 1914,2615 1947,2615 1948,2616 1948,2725 1948,2725 1913,2725 1912,2725 1912,2723 1912,2722 1623,2724 1621,2722 1488,2722 1487,2721 1483,2721 1482,2720 1481,2720 1479,2718 1204,2719 1203,2720 1203,2730 1203,2730"/>
        <TextEquiv index="0">
          <Unicode>de&#223; Jahrs 1642. im Stifft C&#246;lln gelegen / hat</Unicode>
        </TextEquiv>
        <TextEquiv index="1">
          <Unicode>de&#223; Jahrs 1642. im Stifft C&#246;lln gelegen / hat</Unicode>
        </TextEquiv>
      </TextLine>
      <TextLine id="l22">
        <Coords points="1914,2837 1914,2837 1914,2835 1913,2834 1913,2833 1912,2832 1307,2835 1306,2833 1306,2831 1305,2831 1090,2832 1090,2831 1090,2830 1088,2828 1088,2827 1087,2827 1086,2827 1084,2824 1084,2818 1083,2818 169,2822 169,2822 169,2841 168,2842 154,2842 154,2841 153,2734 154,2734 169,2734 169,2734 169,2745 169,2746 1075,2742 1075,2741 1075,2739 1076,2739 1078,2739 1079,2738 1185,2737 1187,2735 1188,2735 1188,2735 1188,2734 1189,2733 1190,2733 1191,2732 1194,2732 1194,2732 1194,2731 1195,2730 1912,2727 1912,2727 1912,2726 1913,2725 1948,2725 1948,2726 1949,2837 1948,2837"/>
        <TextEquiv index="0">
          <Unicode>man das / was man vorige Jahre / an den Be&#11799;</Unicode>
        </TextEquiv>
        <TextEquiv index="1">
          <Unicode>man das / was man vorige Jahre / an den Be&#11799;</Unicode>
        </TextEquiv>
      </TextLine>
      <TextLine id="l23">
        <Coords points="1939,2947 1938,2947 1938,2945 1938,2944 1329,2947 1328,2946 1323,2946 1322,2945 1322,2944 1319,2941 494,2944 493,2945 488,2945 487,2946 169,2948 169,2948 169,2949 169,2950 155,2950 154,2949 154,2842 154,2842 736,2839 737,2838 751,2838 752,2837 757,2837 758,2836 762,2836 763,2837 1316,2835 1317,2835 1317,2839 1317,2840 1948,2837 1949,2838 1949,2946 1949,2946 1943,2946 1942,2947"/>
        <TextEquiv index="0">
          <Unicode>ve&#383;tungen zu Duytz / und M&#252;hlheim eingeri&#383;&#11799;</Unicode>
        </TextEquiv>
        <TextEquiv index="1">
          <Unicode>ve&#383;tungen zu Duytz / und M&#252;hlheim eingeri&#383;&#11799;</Unicode>
        </TextEquiv>
      </TextLine>
      <TextLine id="l24">
        <Coords points="1912,3057 1912,3057 1912,3032 1911,3031 1833,3032 1832,3033 1830,3033 1829,3034 1808,3034 1808,3034 1808,3038 1806,3040 1806,3041 1805,3042 1805,3043 1802,3046 1801,3046 1797,3050 1794,3050 1792,3052 1786,3052 1785,3053 1784,3052 1778,3052 1777,3051 1775,3051 1774,3050 1773,3050 1771,3047 1771,3046 1770,3046 1769,3046 1768,3044 1768,3033 1767,3033 1751,3033 1750,3032 1709,3032 1709,3032 1709,3031 1708,3030 1660,3030 1659,3031 1639,3031 1638,3032 1637,3031 1548,3032 1546,3034 1541,3034 1540,3033 1470,3033 1469,3035 1469,3036 1467,3038 1467,3039 1465,3041 1465,3044 1461,3048 1461,3049 1459,3050 1458,3050 1457,3051 1452,3051 1451,3052 1449,3052 1448,3053 1443,3053 1442,3052 1437,3052 1436,3051 1356,3052 1355,3051 1351,3051 1348,3047 1348,3045 1347,3044 1347,3034 1346,3034 1320,3034 1319,3033 1318,3033 1317,3032 1238,3032 1238,3033 1238,3049 1237,3050 1237,3051 1236,3051 1235,3051 1234,3052 1233,3052 1232,3053 1228,3053 1227,3052 1226,3052 1222,3048 1222,3034 1221,3033 1151,3034 1150,3033 1139,3033 1036,3033 1035,3034 1013,3034 1009,3038 985,3038 985,3039 985,3040 984,3041 984,3044 983,3045 983,3048 982,3049 982,3050 981,3051 981,3053 978,3055 977,3055 976,3054 975,3054 975,3054 975,3053 974,3052 974,3037 973,3036 912,3037 910,3035 858,3035 857,3034 786,3034 786,3035 786,3036 785,3037 785,3038 784,3039 784,3040 782,3042 782,3043 780,3044 779,3044 778,3046 778,3048 776,3050 776,3051 775,3052 775,3053 774,3053 772,3053 771,3054 769,3054 768,3055 754,3055 753,3054 752,3054 750,3052 750,3034 749,3033 724,3033 723,3032 722,3032 720,3030 680,3031 679,3030 654,3030 653,3029 651,3029 650,3028 649,3028 648,3026 648,3025 647,3024 647,2997 645,2996 579,2996 579,2997 579,2998 578,2999 578,3000 577,3001 577,3002 576,3003 576,3004 574,3006 574,3008 573,3009 573,3010 572,3011 572,3012 570,3014 570,3016 569,3017 569,3018 568,3019 568,3021 567,3022 567,3026 566,3027 566,3028 565,3029 565,3030 564,3031 564,3032 563,3033 563,3036 561,3038 561,3040 559,3041 557,3041 556,3040 556,3039 555,3038 555,3034 554,3033 481,3033 480,3034 477,3035 475,3033 443,3033 407,3033 406,3034 382,3034 382,3034 382,3049 381,3050 381,3052 379,3054 378,3054 377,3055 376,3055 374,3057 373,3057 372,3058 362,3058 361,3057 357,3057 357,3057 357,3055 356,3054 356,3034 355,3033 242,3034 241,3035 241,3044 240,3045 240,3046 238,3048 236,3048 236,3048 236,3050 234,3052 231,3052 230,3053 228,3053 226,3050 226,3048 225,3048 155,3048 155,3047 154,2950 155,2950 169,2950 169,2950 169,2959 169,2960 236,2960 237,2958 237,2957 238,2957 241,2957 243,2955 244,2955 245,2956 255,2955 255,2956 255,2959 256,2959 260,2959 260,2960 260,2961 261,2962 261,2978 262,2978 320,2978 321,2977 349,2977 349,2977 349,2966 352,2963 355,2963 356,2962 357,2962 361,2958 362,2958 364,2956 365,2957 374,2957 375,2958 378,2958 380,2960 380,2977 381,2978 447,2978 450,2975 452,2975 453,2973 453,2972 455,2971 457,2971 458,2970 489,2969 489,2970 489,2971 491,2973 491,2978 492,2978 579,2978 580,2977 580,2976 581,2975 581,2974 582,2973 582,2971 583,2970 583,2969 585,2967 587,2970 587,2971 588,2972 588,2975 589,2975 658,2975 659,2976 660,2976 660,2976 660,2978 661,2979 767,2978 767,2978 767,2977 768,2976 771,2976 772,2975 773,2975 775,2977 856,2977 857,2976 858,2976 858,2975 858,2974 859,2974 899,2974 899,2973 899,2963 902,2961 904,2961 905,2960 907,2960 907,2959 907,2958 908,2958 909,2958 911,2956 913,2956 914,2955 915,2955 916,2954 917,2954 918,2955 919,2955 920,2956 922,2956 923,2957 923,2974 924,2975 979,2974 979,2974 979,2970 980,2969 981,2969 984,2966 984,2963 989,2958 990,2958 990,2958 990,2957 993,2954 997,2954 998,2953 1002,2953 1004,2951 1006,2951 1008,2953 1010,2953 1011,2954 1012,2954 1013,2955 1014,2955 1015,2956 1021,2956 1023,2959 1023,2960 1025,2962 1025,2966 1026,2966 1130,2966 1130,2965 1130,2964 1135,2960 1136,2960 1137,2959 1139,2959 1141,2961 1222,2960 1223,2961 1225,2961 1225,2962 1225,2978 1226,2978 1290,2978 1292,2976 1319,2976 1320,2975 1374,2975 1375,2974 1377,2974 1378,2975 1421,2974 1422,2975 1528,2975 1528,2974 1528,2954 1529,2954 1529,2954 1529,2974 1530,2975 1567,2975 1568,2974 1569,2974 1570,2975 1571,2975 1572,2976 1592,2976 1593,2977 1613,2977 1614,2978 1648,2977 1648,2977 1648,2964 1651,2961 1651,2960 1656,2955 1657,2955 1658,2954 1659,2954 1660,2953 1661,2953 1662,2952 1663,2952 1664,2953 1665,2953 1667,2956 1667,2957 1668,2958 1668,2969 1669,2969 1733,2969 1734,2970 1758,2970 1758,2969 1758,2960 1761,2958 1762,2958 1762,2958 1762,2959 1763,2960 1763,2961 1764,2962 1764,2974 1765,2975 1829,2975 1830,2974 1938,2973 1938,2973 1938,2948 1939,2947 1942,2947 1943,2946 1949,2946 1949,2947 1950,3057 1949,3057"/>
        <TextEquiv index="0">
          <Unicode>&#383;en hatte / wegen befindlichen gegenw&#228;rtigen</Unicode>
        </TextEquiv>
        <TextEquiv index="1">
          <Unicode>&#383;en hatte / wegen befindlichen gegenw&#228;rtigen</Unicode>
        </TextEquiv>
      </TextLine>
      <TextLine id="l25">
        <Coords points="1912,3168 1911,3168 1911,3167 1911,3166 1345,3169 1344,3168 1344,3167 1344,3167 896,3169 895,3168 894,3168 891,3165 706,3166 705,3165 705,3164 704,3163 704,3161 704,3161 156,3163 155,3162 155,3048 155,3048 168,3048 169,3048 169,3056 169,3057 292,3056 293,3057 299,3057 302,3060 302,3062 302,3062 804,3060 805,3061 1574,3058 1575,3059 1949,3057 1950,3058 1950,3168 1950,3168"/>
        <TextEquiv index="0">
          <Unicode>Nutzens / di&#223; Jahr wiederumb auffgef&#252;hret.</Unicode>
        </TextEquiv>
        <TextEquiv index="1">
          <Unicode>Nutzens / di&#223; Jahr wiederumb auffgef&#252;hret.</Unicode>
        </TextEquiv>
      </TextLine>
      <TextLine id="l26">
        <Coords points="1938,3277 1938,3277 1938,3259 1937,3258 1914,3258 1914,3258 1914,3253 1913,3252 1817,3253 1816,3254 1797,3254 1797,3254 1797,3269 1796,3270 1796,3271 1792,3275 1790,3275 1789,3276 1782,3276 1781,3277 1776,3277 1775,3276 1774,3276 1772,3274 1681,3274 1679,3272 1679,3271 1678,3270 1678,3260 1677,3259 1629,3259 1628,3258 1628,3257 1625,3255 1577,3255 1576,3254 1551,3254 1549,3252 1415,3252 1414,3253 1254,3254 1253,3255 1231,3255 1231,3256 1231,3271 1229,3272 1226,3272 1224,3274 1216,3274 1214,3276 1213,3276 1212,3275 1140,3276 1109,3276 1108,3277 1108,3276 1108,3274 1106,3272 1106,3270 1105,3269 1105,3256 1104,3256 1025,3256 1024,3255 1021,3255 1021,3255 1021,3254 1017,3250 1015,3250 1015,3250 1015,3249 1014,3248 1013,3248 1011,3246 890,3247 890,3247 890,3249 886,3253 885,3253 885,3253 885,3254 884,3255 883,3255 880,3258 876,3258 876,3257 876,3256 875,3256 766,3256 765,3255 676,3256 664,3256 663,3257 662,3257 660,3255 492,3255 492,3256 492,3257 491,3258 491,3259 489,3260 487,3260 487,3261 487,3262 482,3266 481,3266 477,3271 472,3271 471,3272 468,3272 466,3274 461,3274 460,3275 457,3275 456,3274 431,3274 430,3273 429,3273 429,3272 429,3255 428,3255 331,3255 330,3256 289,3256 288,3257 281,3257 280,3258 278,3258 277,3259 169,3260 169,3260 169,3280 168,3281 156,3281 156,3280 155,3163 156,3163 169,3163 169,3163 169,3166 169,3167 271,3166 272,3167 281,3167 282,3168 287,3168 287,3169 287,3171 288,3171 302,3171 304,3173 320,3173 321,3174 443,3174 444,3173 446,3173 447,3172 448,3172 449,3171 454,3171 455,3170 472,3170 477,3175 495,3174 496,3175 497,3175 499,3178 499,3181 500,3181 567,3181 568,3183 568,3187 569,3187 570,3187 572,3189 573,3189 574,3190 575,3190 576,3191 578,3191 580,3193 581,3193 582,3194 583,3194 584,3195 585,3195 586,3196 734,3195 734,3195 734,3187 735,3186 735,3184 737,3182 739,3182 742,3179 744,3179 745,3178 748,3178 749,3177 756,3177 757,3178 773,3178 774,3179 775,3179 776,3180 777,3180 777,3181 777,3183 778,3183 790,3183 794,3187 796,3187 798,3189 799,3189 801,3191 804,3191 805,3193 805,3194 807,3195 809,3195 810,3196 811,3196 812,3197 846,3197 847,3198 848,3198 849,3199 851,3199 854,3202 856,3202 857,3203 859,3203 861,3205 862,3205 864,3207 865,3216 865,3217 971,3216 972,3216 971,3197 972,3196 972,3195 973,3194 973,3192 974,3191 974,3189 975,3188 975,3187 979,3183 980,3183 981,3182 983,3182 988,3177 994,3177 995,3176 999,3176 1000,3175 1005,3175 1007,3177 1013,3177 1015,3179 1016,3179 1017,3180 1018,3180 1019,3181 1122,3181 1123,3179 1123,3178 1126,3176 1129,3176 1130,3175 1133,3175 1134,3174 1137,3174 1138,3175 1145,3175 1146,3176 1149,3176 1150,3177 1218,3176 1219,3177 1220,3177 1221,3178 1222,3180 1222,3181 1223,3182 1223,3196 1224,3196 1391,3196 1392,3195 1441,3194 1441,3194 1441,3189 1442,3188 1442,3187 1443,3186 1443,3185 1445,3183 1445,3182 1446,3181 1448,3181 1449,3180 1451,3180 1451,3181 1451,3183 1454,3185 1456,3185 1459,3188 1461,3188 1462,3189 1464,3189 1467,3192 1468,3192 1469,3193 1651,3192 1651,3192 1651,3191 1652,3190 1652,3189 1655,3186 1682,3186 1683,3185 1683,3184 1684,3183 1684,3182 1685,3181 1685,3179 1689,3175 1690,3175 1694,3171 1696,3171 1698,3169 1702,3169 1703,3170 1706,3170 1707,3171 1708,3171 1709,3172 1711,3172 1712,3173 1713,3173 1714,3174 1784,3174 1785,3175 1786,3175 1787,3176 1911,3175 1911,3175 1911,3169 1912,3168 1950,3168 1950,3169 1951,3277 1950,3277"/>
        <TextEquiv index="0">
          <Unicode>Gibt Juden allda. Be&#383;iehe von deme / &#383;o hie&#11799;</Unicode>
        </TextEquiv>
        <TextEquiv index="1">
          <Unicode>Gibt Juden allda. Be&#383;iehe von deme / &#383;o hie&#11799;</Unicode>
        </TextEquiv>
      </TextLine>
      <TextLine id="l27">
        <Coords points="1913,3387 1912,3387 1912,3366 1912,3365 1805,3366 1804,3365 1633,3365 1632,3365 1632,3363 1631,3361 1546,3362 1545,3361 1337,3362 1336,3362 1336,3363 1335,3364 1335,3369 1334,3370 1334,3371 1334,3372 1333,3372 1332,3372 1332,3375 1332,3376 1331,3376 1330,3375 1329,3375 1327,3373 1327,3365 1327,3365 1291,3365 1290,3364 1266,3364 1265,3363 1141,3364 1118,3364 1116,3366 1001,3366 1000,3367 982,3367 980,3369 980,3372 979,3373 979,3374 978,3375 978,3376 975,3379 975,3380 974,3381 974,3382 974,3382 972,3382 971,3383 970,3383 969,3384 968,3384 966,3386 963,3386 962,3387 960,3387 959,3386 952,3386 951,3385 948,3385 947,3384 946,3384 944,3382 942,3382 941,3381 821,3382 819,3384 817,3384 816,3385 803,3385 801,3383 797,3383 793,3380 793,3379 793,3378 792,3378 791,3378 791,3377 790,3376 790,3367 790,3366 654,3367 653,3368 652,3368 651,3369 613,3369 612,3370 603,3370 602,3371 599,3368 597,3368 596,3367 537,3367 535,3365 404,3366 403,3366 403,3379 403,3380 401,3380 400,3379 400,3378 400,3378 399,3378 398,3377 398,3366 398,3366 379,3366 378,3365 378,3364 378,3364 243,3365 242,3366 169,3366 169,3366 169,3388 169,3389 157,3389 156,3388 156,3281 156,3281 168,3281 169,3281 169,3287 169,3288 285,3287 286,3286 289,3286 290,3285 291,3286 294,3286 298,3290 298,3294 298,3294 333,3294 334,3295 334,3304 334,3304 359,3304 361,3306 418,3306 419,3307 570,3306 572,3305 572,3304 574,3302 574,3300 575,3299 575,3298 577,3296 577,3294 578,3292 579,3292 583,3289 583,3288 583,3287 585,3287 587,3285 591,3285 592,3284 596,3284 597,3283 615,3283 616,3282 625,3282 626,3281 627,3281 629,3283 630,3283 634,3287 674,3287 675,3288 704,3288 705,3289 727,3288 728,3289 728,3291 729,3292 729,3306 729,3306 861,3306 862,3305 877,3305 878,3304 878,3300 879,3299 879,3295 883,3291 883,3290 884,3289 886,3287 889,3287 891,3285 894,3285 896,3283 899,3283 901,3285 903,3285 908,3289 908,3302 908,3303 1006,3302 1008,3300 1010,3300 1011,3301 1012,3301 1013,3302 1013,3304 1013,3304 1044,3304 1046,3306 1046,3307 1046,3307 1182,3306 1183,3306 1183,3301 1183,3300 1184,3300 1185,3300 1185,3297 1185,3296 1188,3296 1189,3297 1189,3298 1190,3299 1193,3299 1195,3301 1196,3301 1197,3302 1198,3302 1199,3303 1204,3303 1207,3306 1356,3306 1358,3304 1358,3303 1359,3302 1359,3300 1360,3299 1360,3296 1362,3294 1362,3293 1364,3291 1364,3290 1364,3290 1424,3289 1425,3289 1425,3288 1426,3287 1426,3286 1427,3284 1428,3284 1430,3282 1431,3282 1432,3281 1433,3281 1434,3280 1443,3280 1444,3281 1446,3281 1447,3282 1482,3282 1484,3284 1484,3289 1484,3289 1595,3289 1596,3290 1750,3289 1751,3288 1752,3288 1753,3287 1755,3287 1756,3286 1803,3286 1805,3284 1806,3284 1807,3283 1808,3283 1809,3282 1812,3282 1814,3283 1814,3284 1815,3285 1815,3304 1815,3305 1937,3304 1938,3304 1938,3278 1938,3277 1950,3277 1951,3278 1951,3387 1951,3387"/>
        <TextEquiv index="0">
          <Unicode>oben von C&#246;lln ge&#383;agt worden / &#252;ber die allbe&#11799;</Unicode>
        </TextEquiv>
        <TextEquiv index="1">
          <Unicode>oben von C&#246;lln ge&#383;agt worden / &#252;ber die allbe&#11799;</Unicode>
        </TextEquiv>
      </TextLine>
      <TextLine id="l28">
        <Coords points="1535,3499 1535,3475 1534,3475 1534,3475 1534,3496 1532,3498 1532,3497 1532,3475 1531,3475 1494,3475 1492,3477 1488,3477 1486,3480 1486,3481 1485,3481 1483,3481 1482,3482 1479,3482 1478,3483 1472,3483 1470,3485 1343,3486 1343,3486 1343,3492 1340,3495 1329,3495 1327,3493 1325,3493 1324,3491 1324,3490 1323,3489 1323,3479 1322,3479 1310,3479 1310,3478 1310,3477 1309,3476 1309,3475 1308,3475 1253,3475 1253,3475 1253,3474 1252,3473 1099,3474 1098,3475 1098,3491 1097,3492 1097,3493 1096,3494 1094,3494 1093,3493 1014,3493 1013,3492 1013,3480 1012,3479 894,3480 893,3479 844,3479 843,3478 820,3478 819,3477 662,3478 662,3478 662,3479 661,3480 661,3481 660,3482 660,3483 658,3485 658,3486 657,3487 657,3488 652,3493 649,3493 649,3493 649,3494 648,3495 647,3495 646,3496 641,3496 640,3497 632,3497 630,3495 626,3495 626,3494 626,3493 625,3493 494,3493 493,3494 483,3494 482,3495 481,3495 480,3497 478,3497 477,3495 477,3494 476,3494 475,3494 473,3492 469,3492 467,3489 467,3488 466,3487 466,3486 465,3485 465,3480 464,3479 464,3476 463,3476 450,3476 449,3475 169,3476 169,3476 169,3484 168,3485 157,3485 157,3484 156,3389 157,3389 169,3389 169,3389 169,3409 169,3410 307,3409 307,3409 307,3404 309,3402 309,3401 311,3399 312,3399 313,3401 313,3405 314,3406 314,3409 315,3409 335,3409 336,3408 341,3408 342,3409 343,3409 344,3411 344,3416 345,3416 560,3415 561,3414 564,3414 564,3415 564,3417 565,3417 696,3417 697,3418 921,3417 923,3415 924,3415 926,3412 926,3411 927,3411 931,3411 932,3410 1015,3409 1017,3407 1017,3406 1019,3404 1019,3402 1021,3400 1025,3400 1026,3399 1028,3399 1031,3396 1032,3396 1033,3395 1040,3395 1042,3397 1043,3397 1046,3400 1088,3400 1089,3401 1090,3401 1092,3403 1233,3402 1235,3400 1236,3400 1238,3398 1239,3398 1240,3397 1241,3398 1449,3397 1449,3397 1449,3395 1450,3394 1451,3394 1452,3393 1460,3393 1461,3394 1501,3394 1502,3395 1627,3394 1628,3395 1632,3395 1633,3397 1633,3410 1634,3410 1751,3410 1753,3408 1754,3409 1755,3409 1757,3411 1882,3410 1882,3410 1882,3408 1883,3407 1883,3405 1884,3404 1911,3404 1911,3404 1911,3397 1912,3396 1912,3388 1913,3387 1951,3387 1951,3388 1952,3492 1951,3492 1915,3492 1914,3493 1910,3493 1910,3493 1910,3486 1909,3485 1909,3482 1908,3481 1908,3480 1907,3479 1857,3479 1856,3478 1856,3477 1855,3476 1855,3475 1854,3475 1721,3475 1721,3476 1721,3477 1720,3477 1719,3478 1718,3478 1717,3477 1716,3477 1715,3476 1622,3477 1622,3476 1622,3475 1621,3475 1536,3475 1536,3475 1536,3499 1535,3500"/>
        <TextEquiv index="0">
          <Unicode>reit angezogene unter&#383;chiedliche Scribenten /</Unicode>
        </TextEquiv>
        <TextEquiv index="1">
          <Unicode>reit angezogene unter&#383;chiedliche Seribenten /</Unicode>
        </TextEquiv>
      </TextLine>
      <TextLine id="l29">
        <Coords points="1910,3610 1909,3610 1909,3590 1909,3589 1807,3590 1806,3591 1745,3591 1744,3591 1744,3596 1741,3600 1739,3600 1738,3600 1738,3599 1736,3597 1736,3596 1735,3595 1735,3585 1735,3584 1606,3585 1605,3586 1517,3586 1516,3587 1513,3584 1402,3584 1401,3585 1401,3586 1401,3586 1400,3586 1399,3585 1297,3586 1293,3590 1292,3590 1289,3593 1284,3593 1282,3592 1282,3581 1282,3580 1182,3580 1181,3581 1180,3581 1179,3580 1165,3581 1164,3580 1142,3580 1063,3580 1062,3581 1061,3580 1059,3580 1058,3579 937,3580 936,3581 934,3581 933,3582 928,3582 927,3583 914,3583 913,3582 829,3582 828,3582 828,3612 828,3613 820,3613 819,3613 819,3583 819,3582 762,3582 761,3583 758,3583 757,3584 744,3584 743,3585 742,3585 741,3584 739,3584 738,3583 737,3583 734,3580 698,3581 697,3580 618,3580 617,3579 616,3579 615,3578 561,3578 560,3577 432,3578 431,3579 430,3579 429,3578 169,3579 169,3579 169,3602 169,3603 158,3603 157,3602 157,3537 157,3537 221,3537 222,3536 222,3506 223,3505 223,3504 224,3503 224,3502 224,3502 225,3502 226,3501 231,3501 232,3502 296,3501 297,3502 297,3503 298,3504 298,3510 298,3510 399,3510 400,3509 401,3509 402,3508 404,3508 407,3510 407,3512 408,3513 408,3527 408,3528 425,3528 426,3527 427,3527 428,3528 456,3528 457,3529 483,3528 484,3529 485,3529 486,3530 589,3530 590,3530 590,3510 591,3509 591,3508 593,3505 595,3505 596,3504 643,3504 644,3503 646,3503 647,3504 648,3504 652,3507 652,3532 652,3533 666,3533 667,3534 830,3533 831,3532 831,3513 831,3513 898,3513 899,3512 901,3512 902,3511 905,3511 906,3510 907,3510 908,3509 911,3509 912,3509 912,3510 913,3511 913,3513 914,3514 914,3515 915,3516 915,3522 916,3523 916,3529 917,3530 917,3531 917,3532 1097,3531 1098,3530 1098,3510 1099,3509 1100,3509 1101,3508 1103,3508 1104,3507 1108,3507 1109,3508 1110,3508 1111,3508 1111,3510 1111,3511 1132,3511 1133,3511 1133,3512 1134,3513 1134,3520 1134,3521 1190,3520 1191,3521 1191,3532 1191,3532 1313,3532 1319,3526 1411,3525 1412,3525 1412,3522 1413,3521 1413,3520 1413,3519 1414,3519 1415,3519 1415,3516 1416,3515 1416,3514 1416,3513 1419,3513 1420,3512 1421,3512 1422,3513 1423,3513 1424,3514 1424,3516 1424,3516 1426,3516 1427,3517 1427,3518 1428,3519 1429,3519 1432,3522 1433,3522 1434,3523 1437,3523 1438,3524 1490,3524 1491,3525 1491,3526 1491,3526 1533,3526 1534,3525 1534,3501 1534,3501 1535,3501 1535,3525 1535,3526 1610,3526 1611,3525 1612,3525 1613,3524 1641,3523 1643,3522 1643,3519 1644,3518 1644,3516 1647,3512 1648,3512 1650,3510 1654,3510 1655,3510 1655,3507 1655,3506 1742,3506 1743,3505 1745,3505 1746,3504 1748,3504 1749,3503 1750,3503 1751,3502 1756,3502 1757,3501 1907,3500 1908,3500 1908,3496 1909,3495 1909,3494 1909,3493 1937,3493 1938,3492 1951,3492 1952,3493 1952,3610 1952,3610"/>
        <TextEquiv index="0">
          <Unicode>Tacitum lib. 12. Annalium, und was da&#383;elb&#11799;</Unicode>
        </TextEquiv>
        <TextEquiv index="1">
          <Unicode>Tacitum lib. 12. Annalium, und was da&#383;elb&#11799;</Unicode>
        </TextEquiv>
      </TextLine>
      <TextLine id="l30">
        <Coords points="1834,3723 1833,3722 1823,3722 1822,3721 1819,3721 1818,3720 1814,3720 1813,3718 1813,3717 1812,3716 1812,3689 1811,3689 1570,3690 1567,3693 1567,3694 1565,3696 1564,3696 1563,3697 1562,3697 1560,3699 1559,3699 1558,3700 1556,3700 1555,3699 1553,3699 1552,3697 1552,3691 1551,3691 1470,3691 1470,3692 1470,3713 1469,3713 1469,3713 1469,3692 1468,3691 1416,3691 1415,3690 1288,3691 1286,3693 1286,3694 1284,3696 1284,3697 1283,3698 1282,3698 1282,3699 1282,3700 1280,3701 1279,3701 1279,3702 1279,3703 1276,3705 1275,3705 1274,3706 1271,3706 1270,3705 1268,3705 1267,3704 1267,3695 1266,3694 1031,3695 1029,3697 1028,3697 1027,3698 1026,3697 962,3697 959,3694 959,3693 958,3692 876,3693 875,3692 758,3692 758,3693 758,3715 757,3716 757,3717 755,3718 749,3718 747,3720 745,3720 743,3718 742,3718 740,3716 740,3691 739,3690 691,3691 690,3690 527,3690 526,3689 521,3689 520,3688 413,3689 412,3690 412,3693 411,3694 411,3699 410,3700 410,3701 407,3704 407,3705 405,3707 404,3707 400,3711 399,3711 398,3712 397,3712 396,3713 393,3713 392,3714 391,3714 390,3713 388,3713 386,3711 384,3711 383,3709 383,3708 382,3707 382,3691 381,3691 264,3691 261,3694 240,3695 240,3695 240,3706 239,3707 239,3708 238,3709 238,3710 233,3715 229,3715 228,3716 226,3716 225,3715 224,3715 224,3714 224,3713 223,3712 223,3711 222,3711 158,3711 158,3710 157,3603 158,3603 169,3603 169,3603 169,3609 169,3610 261,3609 262,3610 263,3610 264,3611 265,3611 268,3615 268,3616 270,3617 273,3617 274,3618 275,3618 276,3619 277,3619 277,3620 277,3632 278,3632 389,3632 389,3631 389,3611 391,3610 411,3610 412,3611 427,3611 428,3612 518,3611 519,3612 522,3612 524,3615 524,3616 528,3620 528,3621 529,3622 529,3625 530,3626 530,3642 531,3642 658,3642 658,3641 658,3620 659,3619 659,3618 661,3617 664,3617 665,3616 668,3616 669,3615 670,3615 671,3616 680,3616 681,3617 681,3621 682,3622 805,3621 806,3620 807,3620 811,3616 816,3616 816,3616 816,3614 817,3613 832,3613 833,3614 833,3615 834,3616 834,3617 835,3618 835,3640 836,3641 975,3640 977,3638 997,3638 998,3637 1031,3637 1032,3636 1037,3636 1037,3636 1037,3624 1038,3623 1038,3621 1040,3619 1043,3619 1044,3621 1044,3623 1045,3624 1045,3637 1046,3637 1228,3636 1230,3634 1231,3634 1231,3634 1231,3633 1234,3630 1332,3630 1332,3629 1332,3616 1334,3615 1341,3615 1342,3614 1364,3614 1365,3615 1365,3638 1366,3639 1381,3639 1383,3641 1479,3640 1480,3641 1481,3641 1482,3642 1509,3642 1510,3643 1512,3643 1513,3644 1514,3644 1514,3644 1514,3646 1517,3649 1517,3651 1518,3652 1518,3654 1519,3655 1519,3668 1520,3669 1557,3669 1557,3668 1557,3609 1558,3609 1559,3609 1559,3609 1559,3668 1560,3669 1607,3669 1607,3668 1607,3623 1608,3623 1627,3623 1627,3622 1627,3616 1630,3613 1647,3613 1648,3612 1690,3612 1691,3611 1694,3611 1695,3612 1697,3612 1698,3613 1773,3613 1774,3614 1775,3614 1779,3618 1798,3618 1799,3619 1800,3619 1800,3619 1800,3638 1801,3639 1908,3638 1908,3638 1908,3632 1909,3631 1909,3611 1910,3610 1952,3610 1952,3611 1953,3721 1952,3721 1839,3722 1838,3723"/>
        <TextEquiv index="0">
          <Unicode>&#383;ten Ju&#383;tus Lip&#383;ius erinnert; Item, Philip.</Unicode>
        </TextEquiv>
        <TextEquiv index="1">
          <Unicode>&#383;ten Ju&#383;tus Lip&#383;ius erinnert; Item, Philip.</Unicode>
        </TextEquiv>
      </TextLine>
      <TextLine id="l31">
        <Coords points="1916,3831 1914,3830 1914,3828 1914,3827 1664,3828 1663,3827 1662,3827 1661,3826 1660,3826 1658,3825 1658,3824 1657,3823 1657,3822 1656,3821 1656,3816 1656,3815 1011,3818 1010,3819 1010,3828 1009,3829 1009,3830 1009,3830 1007,3830 1006,3831 1004,3831 1003,3832 999,3832 998,3831 991,3831 989,3830 989,3804 989,3803 786,3804 785,3803 780,3803 778,3801 169,3804 169,3804 169,3828 169,3829 159,3829 158,3828 158,3711 158,3711 168,3711 169,3711 169,3721 169,3722 269,3721 270,3722 310,3722 311,3723 312,3723 313,3724 313,3725 313,3725 815,3723 816,3724 816,3725 817,3726 817,3727 817,3727 1584,3724 1585,3723 1621,3723 1622,3722 1948,3720 1949,3721 1952,3721 1953,3722 1953,3831 1953,3831"/>
        <TextEquiv index="0">
          <Unicode>Cluverium de Antiqua Germania, Kyrian-</Unicode>
        </TextEquiv>
        <TextEquiv index="1">
          <Unicode>Cluverium de Antiqua Germania, Kyrian-</Unicode>
        </TextEquiv>
      </TextLine>
      <TextLine id="l32">
        <Coords points="1938,3942 1938,3942 1938,3930 1937,3929 1915,3929 1915,3929 1915,3911 1914,3910 1799,3911 1798,3912 1795,3912 1794,3913 1693,3913 1692,3912 1500,3913 1500,3914 1500,3944 1499,3944 1499,3944 1499,3914 1498,3913 1459,3913 1459,3914 1459,3917 1458,3918 1458,3922 1457,3923 1457,3925 1455,3926 1454,3926 1453,3927 1451,3925 1451,3921 1450,3920 1340,3921 1339,3920 1216,3920 1216,3921 1216,3936 1215,3937 1215,3938 1211,3941 1196,3941 1194,3939 1190,3939 1189,3938 1189,3936 1188,3935 1188,3924 1187,3923 1145,3924 1144,3923 1143,3923 1142,3922 1141,3922 1138,3919 1000,3919 1000,3920 1000,3931 999,3932 999,3934 995,3937 992,3937 991,3938 988,3938 987,3939 908,3940 908,3939 908,3935 907,3935 903,3935 902,3934 901,3934 900,3932 900,3919 899,3919 722,3919 721,3920 719,3920 718,3921 714,3921 713,3922 711,3922 710,3922 707,3922 706,3920 706,3919 705,3919 703,3919 702,3918 699,3918 698,3917 696,3917 695,3916 514,3916 513,3915 461,3916 460,3914 460,3911 458,3910 434,3910 433,3909 409,3909 408,3908 351,3908 351,3909 351,3925 350,3925 350,3925 350,3909 349,3908 267,3908 266,3909 263,3909 262,3910 169,3911 169,3911 169,3941 168,3942 159,3942 159,3941 158,3829 159,3829 169,3829 169,3829 169,3830 169,3831 263,3830 264,3831 265,3831 266,3833 266,3858 267,3858 324,3858 325,3859 464,3859 466,3857 468,3857 468,3856 468,3855 470,3854 473,3854 473,3853 473,3843 474,3842 474,3839 475,3839 476,3839 477,3840 479,3842 479,3843 480,3844 555,3843 556,3844 663,3844 664,3842 664,3841 667,3839 669,3839 673,3835 675,3835 677,3833 682,3833 683,3832 704,3832 708,3836 709,3836 710,3837 743,3836 743,3837 743,3838 744,3839 744,3840 745,3841 745,3842 746,3842 801,3842 802,3843 909,3843 912,3839 912,3838 914,3837 916,3837 917,3836 919,3836 920,3835 926,3835 927,3836 928,3836 929,3837 931,3837 934,3840 935,3840 935,3840 935,3842 936,3843 981,3842 982,3843 983,3843 984,3844 985,3844 986,3846 986,3858 987,3858 1112,3858 1112,3857 1112,3854 1113,3853 1113,3852 1116,3849 1116,3846 1124,3839 1126,3839 1129,3836 1132,3836 1135,3833 1154,3833 1155,3832 1161,3832 1162,3831 1164,3831 1164,3831 1164,3832 1165,3833 1168,3833 1169,3834 1170,3833 1171,3834 1175,3834 1176,3835 1177,3835 1177,3836 1177,3837 1178,3838 1178,3839 1179,3839 1207,3839 1208,3840 1209,3840 1211,3842 1212,3842 1212,3843 1212,3860 1213,3860 1238,3860 1239,3861 1365,3861 1366,3860 1369,3860 1370,3859 1373,3859 1373,3858 1373,3844 1374,3844 1415,3843 1415,3843 1415,3839 1416,3838 1423,3838 1424,3837 1426,3837 1426,3837 1426,3836 1428,3834 1432,3834 1433,3833 1503,3833 1505,3835 1509,3835 1510,3836 1637,3835 1638,3836 1639,3836 1639,3837 1639,3838 1640,3839 1640,3840 1641,3841 1641,3862 1642,3862 1844,3862 1845,3861 1915,3860 1915,3860 1915,3832 1916,3831 1953,3831 1953,3832 1954,3942 1953,3942"/>
        <TextEquiv index="0">
          <Unicode>drum in der Trieri&#383;chen Chronick / Freherum</Unicode>
        </TextEquiv>
        <TextEquiv index="1">
          <Unicode>drum in der Trieri&#383;chen Chronick / Freherum</Unicode>
        </TextEquiv>
      </TextLine>
      <TextLine id="l33">
        <Coords points="1939,4053 1938,4053 1938,4024 1938,4023 1793,4024 1792,4024 1792,4050 1792,4051 1791,4050 1791,4024 1791,4024 1590,4025 1589,4024 1589,4023 1589,4023 1424,4023 1423,4024 1382,4025 1381,4025 1381,4026 1380,4027 1380,4028 1375,4033 1375,4034 1374,4035 1374,4036 1371,4039 1371,4040 1370,4041 1370,4042 1369,4044 1367,4044 1366,4045 1284,4045 1283,4046 1283,4049 1282,4050 1282,4051 1282,4051 1280,4051 1278,4053 1273,4053 1271,4052 1271,4051 1270,4049 1269,4049 1267,4048 1267,4025 1267,4024 1203,4024 1202,4023 1028,4024 1005,4024 1004,4025 938,4026 937,4025 933,4025 932,4024 709,4025 708,4025 708,4036 707,4037 707,4040 704,4043 704,4044 702,4047 701,4047 699,4048 699,4049 699,4050 697,4050 696,4051 692,4051 691,4052 690,4052 689,4053 680,4053 679,4054 670,4054 669,4053 668,4053 667,4052 667,4051 666,4050 665,4050 664,4049 664,4046 662,4044 662,4023 662,4023 560,4023 559,4024 491,4024 484,4031 484,4032 483,4033 479,4034 477,4032 477,4031 475,4029 475,4028 473,4026 473,4025 472,4024 391,4024 388,4021 247,4022 246,4022 246,4049 245,4051 239,4051 238,4052 237,4052 236,4053 226,4053 225,4052 160,4052 159,4051 159,3942 159,3942 168,3942 169,3942 169,3968 169,3969 236,3969 238,3971 357,3970 360,3968 360,3967 360,3966 362,3966 364,3968 364,3970 365,3971 372,3971 373,3972 521,3971 522,3971 522,3969 524,3967 524,3966 526,3964 526,3962 527,3960 531,3960 532,3960 532,3958 537,3952 540,3952 541,3951 544,3951 545,3950 553,3950 555,3948 556,3948 557,3947 564,3947 565,3948 566,3948 567,3949 649,3949 650,3950 651,3950 653,3951 653,3952 654,3953 654,3955 654,3956 728,3955 730,3957 730,3972 730,3972 846,3972 847,3971 847,3950 849,3948 855,3948 856,3947 880,3947 881,3948 963,3947 964,3948 964,3949 964,3949 1057,3949 1058,3950 1059,3950 1060,3950 1061,3951 1061,3952 1062,3953 1062,3974 1062,3975 1087,3975 1088,3976 1108,3976 1109,3977 1366,3976 1367,3975 1368,3976 1377,3976 1378,3977 1383,3977 1384,3978 1392,3978 1393,3979 1495,3978 1496,3978 1496,3956 1497,3955 1497,3954 1498,3953 1498,3948 1498,3947 1587,3947 1588,3946 1590,3946 1591,3945 1596,3945 1600,3948 1600,3958 1600,3959 1652,3958 1653,3959 1654,3959 1656,3961 1656,3973 1656,3973 1937,3972 1938,3972 1938,3943 1938,3942 1953,3942 1954,3943 1954,4053 1954,4053"/>
        <TextEquiv index="0">
          <Unicode>part. 2. Origin. Palatin. cap. 7. Adrianum</Unicode>
        </TextEquiv>
        <TextEquiv index="1">
          <Unicode>part. 2. Origin. Palatin. cap. 7. Adrianum</Unicode>
        </TextEquiv>
      </TextLine>
      <TextLine id="l34">
        <Coords points="1633,4165 1632,4164 1629,4164 1628,4164 1626,4164 1625,4163 1624,4163 1624,4162 1624,4136 1623,4136 1473,4136 1473,4137 1473,4139 1472,4140 1472,4142 1465,4148 1462,4148 1461,4149 1458,4149 1457,4148 1455,4148 1455,4148 1455,4136 1454,4135 1356,4136 1355,4137 1354,4136 1192,4136 1191,4137 1189,4137 1188,4138 1186,4138 1185,4139 1181,4139 1180,4138 1180,4137 1179,4136 1154,4137 1153,4136 1010,4136 1009,4137 973,4137 972,4136 952,4136 951,4135 912,4136 813,4136 812,4137 792,4137 791,4136 788,4136 786,4134 731,4134 731,4134 731,4133 730,4132 569,4133 568,4134 566,4134 565,4135 563,4135 562,4134 547,4134 546,4133 491,4133 490,4132 480,4133 479,4132 459,4132 458,4131 426,4131 425,4130 294,4130 293,4131 292,4131 291,4132 290,4132 289,4133 286,4133 285,4132 284,4131 284,4130 281,4130 280,4129 169,4130 168,4131 169,4161 168,4162 160,4162 160,4161 159,4052 160,4052 169,4052 169,4052 169,4055 169,4056 255,4055 256,4056 260,4056 262,4058 264,4058 265,4059 269,4059 274,4065 274,4066 277,4069 277,4070 278,4071 278,4080 279,4080 400,4080 400,4079 400,4058 401,4058 401,4058 401,4081 402,4082 414,4082 415,4083 452,4083 453,4084 492,4083 493,4084 615,4084 616,4085 685,4085 685,4084 685,4070 687,4068 687,4067 688,4067 771,4066 771,4066 771,4065 775,4061 812,4061 813,4060 852,4060 854,4058 855,4058 856,4059 860,4059 862,4061 862,4084 863,4085 932,4085 933,4086 1126,4085 1126,4084 1126,4058 1127,4058 1130,4058 1131,4057 1133,4057 1134,4056 1136,4056 1137,4055 1139,4055 1140,4056 1194,4055 1195,4056 1197,4056 1199,4058 1252,4058 1254,4061 1254,4063 1255,4063 1322,4063 1322,4063 1322,4086 1323,4087 1384,4087 1386,4085 1486,4084 1487,4083 1487,4081 1488,4080 1488,4079 1489,4078 1489,4077 1490,4076 1490,4074 1491,4073 1491,4072 1492,4071 1492,4070 1494,4068 1495,4068 1496,4067 1498,4067 1501,4064 1505,4064 1505,4064 1505,4063 1506,4062 1508,4062 1509,4061 1511,4061 1512,4060 1513,4060 1514,4059 1520,4059 1521,4058 1529,4058 1530,4059 1541,4059 1542,4060 1543,4060 1544,4061 1545,4061 1546,4062 1622,4062 1623,4063 1623,4085 1624,4086 1821,4085 1823,4083 1824,4083 1825,4084 1938,4083 1938,4083 1938,4054 1939,4053 1954,4053 1954,4054 1955,4161 1954,4161 1944,4161 1943,4162 1938,4162 1938,4162 1938,4134 1937,4133 1648,4134 1648,4135 1648,4161 1646,4162 1645,4162 1644,4163 1642,4163 1640,4165"/>
        <TextEquiv index="0">
          <Unicode>Romanum in Theatro Urbium, Calparum</Unicode>
        </TextEquiv>
        <TextEquiv index="1">
          <Unicode>Romanum in Theatro Urbium, Calparum</Unicode>
        </TextEquiv>
      </TextLine>
      <TextLine id="l35">
        <Coords points="1939,4276 1938,4276 1938,4262 1938,4261 1710,4262 1708,4260 858,4264 857,4264 857,4276 856,4277 856,4278 856,4279 852,4279 850,4277 837,4277 836,4276 835,4276 832,4273 832,4267 832,4267 161,4270 160,4269 160,4162 160,4162 224,4162 225,4161 236,4161 237,4161 237,4162 237,4163 243,4163 244,4164 254,4163 255,4164 267,4164 268,4165 270,4165 272,4167 533,4166 534,4167 534,4168 535,4169 979,4167 980,4168 1937,4164 1938,4164 1938,4163 1938,4162 1943,4162 1944,4161 1954,4161 1955,4162 1955,4276 1955,4276"/>
        <TextEquiv index="0">
          <Unicode>Ens in deliciis apodemicis, Sleidanum, und</Unicode>
        </TextEquiv>
        <TextEquiv index="1">
          <Unicode>Ens in deliciis apodemicis, Sleidanum, und</Unicode>
        </TextEquiv>
      </TextLine>
      <TextLine id="l36">
        <Coords points="1753,4388 1752,4387 1746,4387 1745,4386 1741,4386 1740,4385 1740,4369 1739,4368 1640,4368 1640,4368 1640,4367 1639,4366 1639,4363 1638,4362 1638,4360 1637,4359 1437,4360 1436,4361 1435,4361 1434,4362 1432,4360 1208,4361 1206,4363 1133,4364 1133,4364 1133,4379 1130,4382 1129,4382 1128,4383 1127,4382 1112,4382 1109,4379 1076,4379 1075,4377 1075,4365 1074,4365 1065,4365 1063,4363 880,4364 880,4364 880,4379 879,4380 879,4381 878,4382 864,4382 863,4383 860,4383 858,4381 857,4381 857,4380 857,4362 856,4362 736,4362 735,4363 683,4364 682,4365 678,4365 677,4364 579,4364 578,4363 578,4362 577,4361 516,4361 515,4360 396,4361 396,4361 396,4376 393,4379 388,4379 387,4380 384,4380 383,4379 374,4379 372,4377 371,4377 370,4376 369,4376 369,4375 369,4372 368,4372 367,4358 367,4357 301,4357 300,4356 169,4357 169,4357 169,4359 168,4360 169,4382 168,4383 161,4383 161,4382 160,4270 161,4270 169,4270 169,4270 169,4280 169,4281 315,4280 317,4278 384,4278 385,4277 386,4277 387,4278 388,4278 388,4278 388,4279 389,4280 390,4280 391,4281 392,4281 392,4281 392,4298 393,4299 442,4299 446,4303 605,4302 606,4301 607,4301 607,4300 607,4299 610,4297 639,4297 639,4296 639,4288 641,4287 642,4287 643,4288 859,4287 860,4286 861,4286 863,4284 868,4284 870,4282 951,4281 952,4280 959,4280 960,4281 961,4281 961,4282 961,4283 962,4284 962,4285 963,4286 963,4299 964,4299 1090,4299 1090,4298 1090,4296 1091,4295 1091,4294 1092,4294 1101,4294 1101,4293 1101,4291 1103,4290 1107,4290 1107,4289 1107,4288 1108,4288 1109,4288 1110,4286 1110,4285 1111,4285 1113,4285 1114,4284 1117,4284 1118,4283 1120,4283 1121,4284 1127,4284 1128,4285 1164,4285 1165,4286 1165,4287 1166,4288 1167,4288 1168,4289 1168,4301 1169,4302 1183,4301 1184,4302 1207,4302 1208,4303 1331,4303 1331,4302 1331,4292 1332,4292 1333,4291 1341,4291 1344,4288 1346,4288 1347,4287 1348,4287 1349,4288 1349,4290 1354,4295 1357,4295 1358,4296 1359,4296 1361,4298 1362,4298 1363,4299 1480,4298 1480,4298 1480,4290 1482,4288 1483,4288 1484,4287 1484,4286 1486,4284 1487,4284 1487,4285 1487,4286 1488,4286 1537,4286 1538,4287 1538,4290 1541,4293 1543,4293 1544,4294 1667,4293 1669,4291 1694,4291 1695,4290 1695,4289 1696,4288 1698,4288 1698,4288 1698,4287 1699,4286 1700,4286 1701,4285 1703,4285 1704,4284 1705,4284 1706,4283 1710,4283 1711,4282 1722,4282 1723,4283 1724,4283 1725,4284 1726,4284 1727,4285 1938,4284 1938,4284 1938,4277 1939,4276 1955,4276 1955,4277 1956,4386 1955,4386 1913,4386 1913,4386 1912,4355 1912,4354 1814,4355 1813,4356 1812,4356 1811,4357 1764,4357 1763,4357 1764,4384 1762,4386 1758,4386 1757,4387 1755,4387 1754,4388"/>
        <TextEquiv index="0">
          <Unicode>die ihn continuirt haben / hin und wieder / Spei-</Unicode>
        </TextEquiv>
        <TextEquiv index="1">
          <Unicode>die ihn continuirt haben / hin und wieder / Spei-</Unicode>
        </TextEquiv>
      </TextLine>
      <TextLine id="l37">
        <Coords points="1910,4495 1909,4495 1909,4467 1908,4466 1655,4467 1652,4464 1526,4465 1526,4465 1526,4490 1526,4491 1525,4491 1524,4490 1524,4465 1523,4465 1483,4465 1481,4468 1481,4469 1479,4470 1477,4470 1475,4472 1474,4472 1472,4470 1401,4470 1401,4471 1401,4491 1401,4491 1400,4491 1400,4478 1400,4478 1370,4478 1369,4477 1365,4477 1364,4476 1362,4476 1361,4475 1361,4474 1361,4474 1247,4474 1246,4475 1246,4476 1246,4476 1243,4476 1241,4474 1240,4474 1238,4473 1238,4472 1236,4470 1236,4469 1233,4466 1210,4466 1209,4465 1206,4465 1205,4464 1156,4465 1155,4464 1025,4464 1022,4467 1017,4467 1016,4466 1015,4466 1014,4465 832,4466 831,4467 801,4467 800,4468 799,4468 798,4469 668,4470 667,4471 664,4471 662,4469 661,4469 661,4468 661,4467 660,4467 603,4467 601,4465 516,4465 514,4463 483,4463 482,4463 454,4463 453,4462 449,4462 448,4461 301,4461 300,4462 263,4462 262,4463 256,4463 255,4464 169,4465 169,4465 169,4493 169,4494 162,4494 161,4493 161,4383 161,4383 168,4383 169,4383 169,4386 169,4387 331,4386 334,4389 334,4393 334,4393 353,4393 354,4394 355,4394 357,4396 357,4397 359,4399 359,4411 359,4411 373,4411 374,4412 397,4412 398,4413 503,4412 504,4411 518,4411 519,4411 519,4402 521,4400 521,4398 522,4396 551,4396 552,4396 552,4395 552,4394 599,4394 600,4393 660,4393 661,4392 669,4392 670,4391 678,4391 680,4392 680,4417 680,4418 776,4417 777,4417 777,4410 777,4409 807,4409 808,4409 808,4394 809,4392 810,4392 811,4391 813,4391 814,4390 815,4390 816,4389 933,4389 935,4387 937,4387 939,4385 942,4384 943,4385 943,4398 943,4398 946,4398 947,4399 947,4400 948,4401 948,4416 948,4416 1057,4416 1058,4417 1059,4417 1061,4419 1213,4418 1214,4417 1274,4417 1275,4417 1275,4416 1276,4415 1276,4413 1277,4412 1277,4408 1278,4407 1278,4406 1278,4405 1279,4405 1281,4404 1281,4403 1281,4402 1282,4402 1283,4402 1283,4400 1283,4399 1285,4399 1286,4398 1289,4398 1290,4397 1290,4394 1291,4393 1307,4393 1308,4392 1308,4391 1309,4390 1310,4390 1311,4389 1329,4389 1330,4388 1341,4388 1344,4390 1344,4391 1344,4392 1436,4391 1438,4393 1438,4410 1438,4410 1544,4410 1545,4409 1545,4391 1546,4390 1546,4389 1546,4389 1552,4389 1553,4388 1577,4388 1578,4389 1581,4389 1582,4390 1585,4390 1586,4391 1587,4391 1588,4392 1667,4391 1668,4392 1689,4392 1690,4393 1693,4393 1695,4395 1697,4395 1698,4396 1699,4396 1700,4397 1701,4397 1703,4399 1703,4400 1704,4401 1704,4402 1705,4403 1705,4407 1706,4408 1706,4414 1706,4414 1833,4414 1834,4413 1834,4398 1835,4397 1835,4396 1835,4396 1838,4393 1839,4393 1840,4392 1912,4391 1913,4391 1913,4387 1913,4386 1955,4386 1956,4387 1956,4495 1956,4495"/>
        <TextEquiv index="0">
          <Unicode>delium in Notabilibus voc. C&#246;lln. P. Berti-</Unicode>
        </TextEquiv>
        <TextEquiv index="1">
          <Unicode>delium in Notabilibus voc. Colln. P. Berti-</Unicode>
        </TextEquiv>
      </TextLine>
      <TextLine id="l38">
        <Coords points="1908,4607 1908,4607 1907,4584 1907,4583 1842,4584 1841,4583 1807,4583 1806,4582 1712,4582 1711,4583 1712,4597 1709,4599 1706,4599 1705,4598 1704,4598 1703,4597 1700,4597 1699,4596 1698,4596 1693,4591 1692,4591 1692,4591 1692,4590 1691,4589 1691,4588 1687,4585 1687,4584 1686,4583 1686,4582 1685,4580 1650,4580 1646,4576 1575,4577 1574,4576 1552,4576 1551,4575 1448,4575 1447,4576 1447,4586 1446,4587 1445,4587 1445,4578 1445,4577 1374,4578 1373,4578 1374,4607 1373,4608 1371,4608 1371,4607 1370,4578 1370,4578 1357,4578 1356,4577 1179,4577 1176,4580 1172,4580 1171,4581 1124,4582 1123,4583 1122,4583 1121,4582 1121,4580 1121,4580 1079,4580 1077,4578 887,4579 886,4580 828,4580 827,4579 553,4580 549,4584 549,4585 549,4585 522,4585 521,4586 521,4587 520,4588 520,4589 519,4591 519,4592 517,4593 516,4593 509,4600 508,4600 507,4601 505,4601 504,4602 499,4602 498,4601 497,4601 497,4601 496,4575 496,4574 478,4575 477,4574 435,4574 434,4573 426,4573 425,4572 258,4572 257,4573 169,4574 169,4574 169,4588 168,4589 169,4601 168,4602 162,4602 162,4601 161,4494 162,4494 169,4494 169,4494 169,4520 169,4521 229,4521 230,4522 369,4521 369,4520 369,4502 372,4500 373,4500 374,4499 375,4499 376,4498 420,4498 422,4496 426,4496 427,4497 429,4497 431,4499 431,4526 432,4527 446,4527 447,4528 450,4528 451,4529 452,4529 455,4532 457,4532 458,4533 458,4534 459,4535 575,4534 575,4534 575,4533 576,4532 576,4525 577,4524 577,4523 578,4522 578,4521 579,4520 579,4519 582,4516 582,4515 589,4508 592,4508 593,4507 594,4507 595,4506 596,4506 597,4505 598,4505 599,4504 600,4504 602,4502 611,4502 612,4501 616,4501 617,4502 621,4502 626,4507 626,4508 627,4509 683,4509 683,4509 683,4529 684,4530 797,4529 798,4528 812,4528 812,4528 812,4515 813,4514 814,4514 814,4515 814,4528 815,4528 921,4528 922,4527 969,4526 970,4525 973,4525 974,4526 975,4526 976,4527 1110,4527 1110,4526 1110,4503 1111,4503 1112,4503 1113,4502 1115,4502 1116,4501 1120,4501 1121,4500 1130,4500 1131,4501 1132,4501 1133,4502 1147,4502 1148,4503 1150,4503 1150,4503 1150,4504 1154,4508 1155,4508 1155,4508 1158,4511 1158,4512 1160,4514 1160,4518 1161,4519 1161,4525 1162,4526 1310,4525 1310,4524 1310,4523 1312,4521 1312,4520 1314,4518 1314,4516 1315,4515 1315,4514 1316,4514 1317,4514 1319,4512 1320,4512 1321,4510 1321,4509 1322,4509 1323,4509 1325,4507 1328,4507 1330,4505 1332,4505 1334,4503 1335,4503 1336,4502 1361,4502 1362,4503 1368,4503 1372,4507 1372,4509 1373,4510 1373,4512 1374,4513 1435,4512 1435,4513 1435,4526 1436,4526 1498,4526 1499,4527 1617,4527 1618,4526 1687,4525 1687,4525 1687,4524 1692,4519 1692,4518 1696,4514 1697,4514 1699,4512 1700,4512 1701,4511 1702,4511 1704,4509 1705,4509 1706,4508 1707,4508 1708,4507 1709,4507 1712,4510 1713,4510 1713,4511 1713,4522 1714,4522 1832,4522 1832,4521 1832,4518 1833,4517 1833,4516 1834,4515 1834,4514 1835,4513 1835,4512 1836,4511 1836,4510 1841,4506 1842,4506 1843,4505 1848,4505 1849,4504 1909,4503 1909,4503 1909,4496 1910,4495 1956,4495 1956,4496 1957,4607 1956,4607"/>
        <TextEquiv index="0">
          <Unicode>um lib. 3. Commentar. Rer. German. (wel&#11799;</Unicode>
        </TextEquiv>
        <TextEquiv index="1">
          <Unicode>um lib. 3. Commentar. Rer. German. (wel&#11799;</Unicode>
        </TextEquiv>
      </TextLine>
      <TextLine id="l39">
        <Coords points="1913,4725 1912,4725 1912,4719 1912,4718 1848,4719 1847,4718 1846,4718 1845,4717 1805,4717 1802,4714 1802,4696 1801,4696 1557,4697 1556,4698 1525,4698 1524,4699 1523,4699 1521,4701 1520,4701 1517,4698 1516,4698 1515,4696 1515,4695 1514,4695 1438,4695 1436,4693 1387,4694 1386,4693 1340,4693 1339,4691 1339,4689 1338,4689 1091,4690 1091,4690 1091,4693 1090,4694 1090,4699 1087,4702 1087,4704 1086,4706 1085,4706 1081,4710 1080,4710 1079,4711 1076,4711 1075,4712 1072,4712 1071,4711 1063,4711 1062,4710 1061,4710 1060,4709 1013,4709 1012,4709 1012,4696 1011,4695 869,4696 868,4697 829,4697 828,4698 827,4698 826,4699 825,4699 824,4700 737,4700 736,4702 736,4703 735,4704 734,4704 733,4705 733,4706 733,4706 732,4706 731,4707 728,4707 725,4710 725,4712 724,4713 724,4714 723,4715 718,4715 717,4715 717,4698 716,4697 624,4698 623,4697 619,4697 618,4696 617,4696 616,4695 615,4695 614,4694 613,4694 612,4693 611,4693 610,4692 490,4692 490,4693 490,4695 489,4696 489,4697 487,4699 487,4701 483,4705 483,4706 482,4708 481,4708 479,4710 476,4710 475,4711 466,4711 465,4710 460,4710 458,4708 456,4708 455,4707 335,4707 287,4707 286,4708 283,4708 282,4709 169,4710 169,4710 169,4711 169,4712 163,4712 162,4711 162,4602 162,4602 168,4602 169,4602 169,4607 169,4608 272,4607 274,4609 274,4611 274,4611 390,4611 391,4610 397,4610 399,4608 403,4608 404,4609 405,4609 406,4610 410,4610 411,4610 411,4611 412,4612 412,4614 413,4615 413,4629 413,4630 511,4629 512,4628 513,4628 516,4625 588,4625 589,4625 589,4619 590,4618 590,4617 590,4616 591,4616 592,4616 592,4614 593,4612 594,4612 595,4612 595,4611 595,4610 597,4610 599,4608 613,4608 614,4607 620,4607 621,4606 629,4606 630,4607 632,4607 634,4609 635,4609 638,4611 638,4612 638,4613 643,4613 646,4616 794,4615 795,4614 796,4614 797,4613 799,4613 800,4612 801,4612 802,4611 839,4611 840,4612 841,4612 842,4613 843,4613 846,4616 939,4616 941,4617 941,4618 942,4619 942,4635 942,4635 982,4635 984,4637 1126,4637 1127,4636 1127,4628 1128,4627 1128,4625 1129,4624 1129,4623 1135,4617 1136,4617 1137,4616 1139,4616 1140,4615 1143,4615 1144,4614 1145,4614 1147,4612 1148,4612 1149,4613 1156,4613 1157,4614 1158,4614 1159,4615 1279,4614 1281,4613 1281,4612 1281,4611 1284,4611 1285,4612 1286,4612 1288,4613 1288,4614 1288,4615 1312,4615 1313,4616 1496,4615 1497,4615 1497,4613 1497,4612 1498,4612 1499,4611 1501,4611 1502,4610 1548,4610 1549,4609 1555,4609 1556,4608 1557,4608 1558,4608 1558,4609 1559,4610 1559,4611 1562,4615 1707,4614 1708,4613 1711,4613 1712,4612 1720,4612 1721,4613 1721,4614 1723,4616 1723,4633 1723,4633 1847,4633 1849,4631 1849,4628 1849,4628 1850,4628 1851,4627 1851,4625 1853,4623 1853,4622 1853,4622 1854,4622 1857,4619 1860,4618 1863,4615 1866,4615 1867,4614 1868,4614 1869,4613 1908,4613 1909,4613 1909,4608 1909,4607 1956,4607 1957,4608 1957,4725 1957,4725"/>
        <TextEquiv index="0">
          <Unicode>cher &#383;agt: Da&#223; C&#246;lln 38. Stadia im Umbkrey&#223;</Unicode>
        </TextEquiv>
        <TextEquiv index="1">
          <Unicode>cher &#383;agt: Da&#223; C&#246;lln 3. Stadia im Umbkrey&#223;</Unicode>
        </TextEquiv>
      </TextLine>
      <TextLine id="l40">
        <Coords points="1909,4830 1909,4830 1908,4814 1908,4813 1861,4813 1860,4813 1860,4812 1859,4811 1859,4805 1859,4804 1758,4805 1756,4803 1741,4803 1740,4802 1712,4802 1711,4801 1656,4801 1655,4800 1588,4801 1587,4800 1585,4800 1584,4799 1475,4799 1474,4800 1407,4800 1405,4802 1403,4802 1402,4801 1398,4802 1397,4801 1368,4801 1367,4800 1312,4800 1311,4799 871,4801 869,4802 869,4803 868,4804 868,4805 866,4808 864,4808 863,4809 792,4809 791,4808 763,4808 762,4807 743,4807 742,4806 741,4806 740,4805 580,4806 577,4809 575,4809 573,4807 430,4808 426,4812 425,4812 424,4813 423,4813 422,4814 420,4814 419,4815 418,4814 417,4814 416,4813 416,4803 416,4803 389,4803 386,4800 262,4800 261,4801 261,4818 261,4818 163,4819 162,4818 162,4712 163,4712 169,4712 169,4712 169,4717 169,4718 329,4717 330,4719 330,4720 332,4722 332,4725 333,4725 487,4724 488,4723 489,4723 489,4723 489,4722 490,4721 491,4721 492,4720 493,4720 495,4718 495,4717 497,4715 499,4715 500,4714 529,4714 530,4716 530,4718 531,4718 544,4718 546,4720 547,4720 548,4722 548,4723 550,4724 636,4724 637,4725 642,4725 643,4726 644,4726 646,4728 666,4728 667,4729 674,4729 676,4731 678,4731 678,4731 678,4732 682,4736 682,4737 684,4739 684,4745 685,4746 708,4746 709,4747 710,4747 711,4748 711,4749 712,4750 909,4749 912,4752 1040,4751 1041,4752 1162,4752 1162,4751 1162,4736 1163,4735 1163,4732 1164,4731 1164,4726 1169,4722 1257,4721 1258,4723 1258,4724 1260,4726 1260,4752 1261,4752 1392,4752 1393,4751 1395,4751 1396,4750 1397,4750 1398,4751 1460,4750 1460,4750 1460,4732 1461,4731 1461,4730 1462,4729 1463,4729 1465,4727 1524,4727 1524,4726 1524,4723 1525,4723 1528,4723 1529,4722 1531,4722 1532,4721 1583,4721 1584,4720 1587,4720 1588,4719 1602,4719 1605,4722 1606,4722 1607,4723 1657,4722 1658,4723 1659,4723 1661,4726 1661,4728 1662,4729 1662,4732 1663,4732 1713,4732 1717,4737 1717,4754 1718,4754 1783,4754 1784,4753 1788,4753 1789,4752 1911,4751 1911,4751 1911,4733 1912,4732 1912,4726 1913,4725 1957,4725 1957,4726 1958,4830 1957,4830"/>
        <TextEquiv index="0">
          <Unicode>habe.) G. Braun tom. 1. Theatri Urbium,</Unicode>
        </TextEquiv>
        <TextEquiv index="1">
          <Unicode>habe.) G. Braun tom. 1. Theatri Urbium,</Unicode>
        </TextEquiv>
      </TextLine>
      <TextLine id="l41">
        <Coords points="1939,4950 1938,4949 1905,4949 1904,4949 1904,4939 1904,4938 1853,4939 1850,4936 1823,4936 1822,4935 1820,4935 1819,4934 1819,4930 1817,4928 1817,4921 1816,4921 1806,4921 1805,4919 1805,4918 1804,4918 1750,4918 1749,4917 1584,4918 1584,4918 1584,4942 1584,4943 1582,4941 1582,4918 1581,4918 1500,4918 1500,4919 1500,4920 1497,4922 1496,4922 1494,4924 1489,4924 1487,4926 1486,4926 1485,4927 1479,4927 1478,4928 1477,4928 1476,4929 1469,4929 1468,4930 1467,4930 1466,4929 1461,4929 1460,4928 1456,4928 1455,4927 1454,4927 1453,4926 1452,4926 1451,4925 1447,4925 1444,4922 1439,4922 1437,4920 1437,4919 1435,4917 1434,4917 1433,4916 1347,4917 1347,4916 1347,4915 1345,4914 1215,4914 1214,4915 1163,4916 1163,4916 1163,4918 1162,4919 1162,4927 1161,4928 1161,4929 1157,4934 1156,4934 1155,4935 1154,4934 1152,4934 1151,4933 1151,4926 1150,4925 1150,4918 1149,4918 997,4918 994,4921 993,4921 991,4923 990,4923 989,4925 989,4926 987,4927 982,4927 981,4928 979,4928 978,4927 978,4911 977,4910 945,4910 945,4911 945,4942 945,4942 944,4942 944,4911 943,4910 856,4911 855,4912 758,4912 756,4914 752,4914 751,4913 750,4913 749,4912 746,4912 745,4911 713,4911 712,4911 563,4911 563,4912 563,4913 561,4914 560,4914 559,4913 559,4909 558,4908 492,4908 491,4907 488,4907 485,4904 485,4903 484,4902 432,4903 431,4902 312,4902 312,4903 312,4904 311,4904 275,4904 275,4905 275,4927 274,4927 169,4928 169,4928 169,4932 168,4933 163,4933 163,4932 162,4819 163,4819 168,4819 168,4819 169,4825 169,4826 233,4826 234,4827 237,4827 238,4828 244,4828 246,4830 307,4829 308,4830 309,4830 310,4831 311,4831 313,4833 313,4851 313,4851 429,4851 430,4850 430,4831 432,4829 434,4829 435,4828 437,4828 438,4827 442,4827 443,4827 443,4828 444,4829 444,4832 444,4833 551,4832 552,4833 557,4833 558,4834 562,4834 563,4835 566,4835 567,4836 571,4836 572,4837 575,4837 576,4838 577,4838 578,4839 579,4839 584,4844 694,4844 696,4842 696,4841 696,4841 697,4841 699,4839 700,4839 701,4838 704,4838 705,4837 725,4836 726,4835 727,4835 728,4834 740,4834 741,4833 742,4834 743,4834 744,4835 745,4835 746,4836 747,4836 748,4837 748,4838 749,4839 749,4840 750,4841 750,4862 750,4862 926,4862 927,4863 928,4863 929,4864 931,4864 932,4865 933,4865 935,4866 935,4867 936,4868 936,4870 937,4871 937,4873 938,4874 938,4878 939,4879 939,4893 939,4894 1050,4893 1051,4893 1051,4866 1055,4861 1056,4861 1061,4856 1064,4856 1065,4855 1065,4845 1066,4844 1066,4841 1067,4840 1067,4839 1069,4837 1158,4837 1160,4835 1163,4835 1164,4834 1169,4834 1170,4833 1173,4832 1174,4831 1175,4831 1176,4832 1177,4832 1178,4833 1179,4833 1180,4834 1180,4835 1181,4836 1183,4836 1184,4837 1184,4838 1185,4839 1185,4840 1185,4840 1227,4840 1229,4842 1229,4855 1229,4855 1423,4854 1425,4853 1425,4852 1427,4849 1428,4849 1434,4843 1436,4843 1437,4842 1438,4842 1439,4841 1442,4841 1444,4840 1444,4839 1444,4838 1446,4838 1447,4837 1454,4837 1455,4836 1456,4836 1458,4834 1480,4834 1481,4835 1587,4835 1588,4836 1589,4836 1591,4838 1694,4837 1698,4841 1809,4841 1810,4840 1908,4839 1909,4839 1909,4831 1909,4830 1957,4830 1958,4831 1958,4950 1958,4950"/>
        <TextEquiv index="0">
          <Unicode>Matth. Dre&#383;&#383;erum, in &#383;einem St&#228;dtbuch /</Unicode>
        </TextEquiv>
        <TextEquiv index="1">
          <Unicode>Matth. Dre&#383;&#383;erum, in &#383;einem St&#228;dtbuch /</Unicode>
        </TextEquiv>
      </TextLine>
      <TextLine id="l42">
        <Coords points="1938,5053 1937,5052 1902,5052 1901,5051 1898,5051 1898,5051 1898,5049 1897,5048 1826,5049 1826,5048 1825,5023 1825,5023 1784,5023 1783,5022 1782,5022 1781,5021 1634,5021 1633,5020 1457,5021 1456,5022 1422,5022 1421,5021 1414,5021 1412,5019 1308,5020 1306,5022 1253,5022 1252,5023 1237,5023 1236,5022 1235,5022 1234,5021 1148,5022 1058,5022 1057,5023 1017,5023 1016,5024 819,5025 818,5026 818,5039 817,5040 817,5041 816,5042 816,5043 814,5045 814,5046 813,5047 812,5047 812,5048 812,5049 811,5049 810,5049 807,5052 806,5052 805,5053 804,5053 803,5054 800,5054 798,5056 797,5056 796,5057 793,5057 792,5056 783,5056 782,5055 779,5055 777,5053 776,5053 775,5052 774,5052 773,5051 773,5050 772,5049 771,5024 771,5023 741,5023 740,5022 739,5022 738,5021 623,5022 622,5022 622,5026 621,5027 621,5028 620,5029 620,5031 619,5032 619,5033 617,5035 617,5037 617,5038 616,5038 615,5038 615,5039 612,5043 604,5043 601,5040 601,5027 601,5027 571,5027 570,5026 569,5026 567,5025 567,5023 566,5022 566,5021 565,5019 564,5019 562,5017 546,5017 545,5016 542,5016 541,5015 540,5015 539,5014 424,5015 423,5015 423,5036 421,5039 420,5039 419,5040 407,5040 403,5036 403,5035 402,5034 402,5018 402,5018 281,5018 280,5019 238,5020 236,5022 169,5022 169,5022 169,5045 169,5046 164,5046 163,5045 163,4933 163,4933 168,4933 169,4933 169,4946 169,4947 269,4946 272,4943 275,4943 275,4944 275,4945 276,4946 276,4948 281,4952 282,4952 283,4953 285,4953 288,4956 290,4956 292,4958 293,4958 294,4959 334,4959 335,4960 350,4960 351,4961 369,4961 372,4964 413,4964 414,4965 416,4965 417,4966 434,4966 435,4967 544,4966 544,4967 544,4968 546,4969 552,4969 553,4970 554,4970 555,4971 671,4971 671,4970 671,4947 673,4946 730,4945 731,4944 733,4944 734,4943 746,4943 749,4947 749,4948 750,4949 750,4976 751,4976 859,4976 859,4975 859,4948 861,4947 869,4947 870,4946 871,4947 944,4946 944,4946 944,4943 945,4942 945,4943 945,4946 946,4946 996,4946 997,4945 1006,4945 1007,4946 1010,4946 1014,4951 1014,4952 1015,4953 1015,4957 1016,4958 1016,4973 1017,4973 1172,4973 1172,4972 1172,4949 1174,4947 1178,4947 1179,4946 1252,4946 1253,4948 1253,4950 1255,4952 1255,4971 1256,4971 1381,4971 1381,4970 1381,4965 1383,4963 1383,4961 1384,4960 1384,4959 1385,4958 1385,4957 1386,4956 1386,4954 1387,4954 1388,4954 1394,4948 1400,4948 1401,4947 1410,4946 1412,4948 1413,4948 1416,4952 1416,4953 1417,4954 1417,4956 1418,4957 1418,4962 1420,4963 1446,4963 1447,4964 1448,4964 1448,4965 1448,4973 1449,4973 1619,4973 1620,4972 1675,4971 1675,4971 1675,4951 1678,4948 1679,4948 1680,4947 1684,4947 1685,4946 1686,4946 1687,4945 1739,4945 1739,4946 1739,4947 1740,4948 1740,4964 1741,4965 1741,4975 1742,4975 1754,4975 1755,4976 1756,4976 1757,4977 1902,4976 1902,4976 1902,4972 1903,4971 1903,4951 1905,4949 1911,4949 1912,4950 1958,4950 1958,4951 1959,5053 1958,5053"/>
        <TextEquiv index="0">
          <Unicode>oder part. 5. I&#383;ag. Hi&#383;tor. Mun&#383;terum lib. 5.</Unicode>
        </TextEquiv>
        <TextEquiv index="1">
          <Unicode>oder part. 5. I&#383;ag. Hi&#383;tor. Mun&#383;terum lib. 5.</Unicode>
        </TextEquiv>
      </TextLine>
      <TextLine id="l43">
        <Coords points="1955,5167 1954,5166 1939,5166 1938,5166 1938,5164 1938,5163 1901,5163 1900,5163 1900,5145 1899,5144 1813,5145 1812,5144 1799,5144 1799,5143 1799,5141 1798,5141 1747,5141 1746,5140 1619,5141 1617,5138 1617,5137 1614,5135 1484,5135 1484,5136 1484,5137 1481,5140 1481,5141 1479,5142 1478,5142 1478,5143 1478,5144 1477,5144 1476,5144 1475,5145 1472,5145 1466,5139 1466,5137 1464,5135 1464,5132 1463,5131 1448,5131 1447,5130 1337,5131 1337,5131 1337,5136 1336,5137 1336,5138 1335,5139 1335,5144 1334,5145 1334,5146 1328,5152 1327,5152 1323,5156 1322,5156 1320,5158 1317,5158 1316,5159 1309,5159 1308,5158 1307,5158 1306,5156 1306,5153 1305,5152 1305,5134 1304,5134 1267,5134 1266,5133 1264,5133 1263,5132 1115,5133 1114,5134 1062,5134 1060,5136 1054,5136 1053,5137 1052,5136 932,5137 931,5138 930,5138 930,5138 929,5139 929,5140 928,5141 842,5141 840,5143 817,5143 817,5144 817,5152 814,5154 808,5154 807,5155 806,5154 805,5154 803,5152 802,5152 800,5150 800,5149 799,5148 799,5141 798,5140 788,5140 788,5140 788,5139 787,5138 733,5138 733,5138 733,5137 732,5136 732,5135 731,5134 730,5134 729,5133 682,5134 680,5132 652,5132 651,5131 518,5131 518,5132 518,5134 517,5135 517,5136 516,5137 516,5138 515,5139 515,5142 514,5143 514,5144 513,5145 513,5146 512,5147 512,5148 511,5148 510,5148 509,5149 506,5149 505,5148 504,5148 503,5147 502,5147 501,5146 501,5128 500,5127 330,5128 330,5129 330,5152 327,5154 325,5154 324,5155 308,5155 305,5152 304,5152 304,5152 304,5151 303,5150 303,5125 302,5124 288,5124 287,5123 169,5124 169,5124 169,5154 168,5155 164,5155 164,5154 163,5046 164,5046 169,5046 169,5046 169,5072 169,5073 246,5073 247,5074 320,5073 321,5074 321,5075 322,5076 322,5077 322,5077 458,5077 460,5075 460,5074 461,5073 461,5072 462,5071 463,5071 469,5065 470,5065 471,5064 472,5064 473,5063 473,5062 474,5061 475,5061 476,5060 482,5060 484,5058 486,5057 487,5058 487,5059 488,5060 488,5078 488,5078 599,5078 600,5077 600,5066 602,5064 603,5064 604,5063 604,5062 604,5062 605,5062 606,5061 607,5061 608,5061 608,5062 609,5064 657,5064 658,5063 658,5060 658,5060 751,5059 752,5059 752,5058 752,5057 754,5057 755,5058 755,5074 755,5074 806,5074 807,5075 851,5075 852,5075 852,5076 853,5077 853,5080 853,5081 955,5080 956,5080 956,5060 957,5058 972,5058 974,5056 975,5057 1054,5057 1055,5058 1056,5058 1058,5060 1134,5060 1135,5061 1137,5061 1138,5061 1138,5062 1138,5063 1163,5063 1164,5063 1164,5069 1164,5070 1310,5069 1311,5068 1311,5057 1313,5055 1420,5054 1421,5055 1422,5055 1423,5056 1691,5055 1692,5054 1715,5054 1717,5052 1718,5052 1719,5051 1723,5051 1724,5050 1725,5050 1726,5049 1745,5049 1750,5054 1751,5054 1752,5055 1755,5057 1755,5058 1755,5059 1757,5059 1760,5061 1760,5062 1762,5064 1762,5066 1763,5067 1763,5069 1765,5071 1765,5072 1766,5073 1766,5080 1766,5081 1790,5081 1791,5082 1897,5081 1898,5081 1898,5052 1898,5051 1901,5051 1902,5052 1904,5052 1905,5053 1958,5053 1959,5054 1959,5167 1959,5167"/>
        <TextEquiv index="0">
          <Unicode>cap. 167. der letzten Edition. Joh. W. Neu&#11799;</Unicode>
        </TextEquiv>
        <TextEquiv index="1">
          <Unicode>cap. 167. der letzten Edition. Joh. W. Neu&#11799;</Unicode>
        </TextEquiv>
      </TextLine>
      <TextLine id="l44">
        <Coords points="1899,5278 1899,5278 1898,5272 1898,5271 1763,5272 1762,5271 1761,5271 1760,5270 1760,5269 1759,5268 1688,5268 1687,5267 1685,5267 1681,5264 1681,5263 1680,5262 1680,5254 1680,5253 1669,5253 1668,5253 1668,5252 1667,5250 1519,5251 1518,5252 1515,5252 1511,5256 1510,5256 1509,5257 1509,5258 1507,5260 1501,5260 1500,5261 1498,5261 1496,5263 1496,5269 1496,5269 1475,5269 1474,5270 1474,5275 1474,5275 1473,5275 1473,5270 1473,5269 1450,5269 1448,5268 1448,5251 1448,5250 1393,5251 1392,5250 1343,5250 1342,5250 1343,5277 1342,5278 1342,5277 1341,5250 1341,5250 1220,5250 1219,5251 1219,5263 1218,5264 1216,5264 1215,5265 1215,5267 1214,5268 1211,5268 1209,5270 1208,5270 1207,5269 1203,5269 1202,5268 1073,5269 1072,5270 1050,5270 1047,5273 1044,5273 1043,5272 1042,5272 1041,5271 1040,5271 1037,5269 1037,5267 1036,5266 1036,5263 1035,5262 1035,5258 1035,5257 1025,5257 1024,5256 886,5257 885,5256 876,5256 875,5255 873,5255 872,5254 870,5254 869,5253 868,5253 867,5252 738,5252 736,5254 736,5256 735,5257 735,5261 734,5262 734,5263 734,5263 733,5263 732,5264 732,5266 732,5266 731,5266 730,5267 729,5266 728,5266 724,5263 724,5260 724,5259 604,5260 603,5259 593,5259 592,5258 591,5258 590,5257 588,5257 587,5256 586,5256 584,5255 584,5254 583,5253 583,5252 579,5248 579,5246 578,5244 543,5244 542,5243 520,5243 519,5242 518,5242 517,5241 356,5242 355,5243 355,5244 350,5249 350,5250 349,5251 349,5252 346,5255 346,5256 343,5259 337,5259 336,5258 335,5258 332,5256 332,5242 332,5241 169,5242 169,5242 169,5266 169,5267 165,5267 164,5266 164,5155 164,5155 168,5155 169,5155 169,5176 169,5177 231,5177 232,5178 421,5177 422,5178 422,5179 423,5180 474,5180 474,5179 474,5168 475,5167 475,5165 477,5163 587,5162 589,5160 590,5160 591,5159 594,5159 595,5158 597,5158 598,5157 617,5157 618,5158 621,5158 623,5160 624,5160 626,5162 627,5162 629,5163 661,5163 662,5164 664,5164 665,5165 666,5165 667,5166 753,5165 755,5167 889,5167 890,5168 895,5168 897,5170 1100,5169 1101,5168 1154,5168 1157,5171 1200,5170 1201,5171 1203,5171 1206,5174 1335,5174 1335,5173 1335,5172 1336,5171 1336,5170 1339,5168 1341,5168 1342,5167 1343,5167 1344,5166 1346,5166 1347,5165 1351,5165 1352,5164 1355,5164 1357,5166 1358,5166 1359,5167 1519,5166 1520,5167 1521,5167 1522,5168 1560,5168 1561,5169 1770,5168 1771,5167 1900,5166 1900,5166 1900,5164 1901,5163 1907,5163 1907,5164 1907,5166 1908,5166 1954,5166 1955,5167 1959,5167 1959,5168 1960,5278 1959,5278"/>
        <TextEquiv index="0">
          <Unicode>meyer im F&#252;r&#383;tl. S&#228;ch&#383;i&#383;chen Rey&#223;buch / Ja-</Unicode>
        </TextEquiv>
        <TextEquiv index="1">
          <Unicode>meyer im F&#252;r&#383;tl. S&#228;ch&#383;i&#383;chen Rey&#223;buch / Ja-</Unicode>
        </TextEquiv>
      </TextLine>
      <TextLine id="l45">
        <Coords points="1358,5387 1357,5386 1349,5386 1344,5380 1344,5379 1343,5378 1343,5358 1342,5358 1192,5358 1190,5360 1189,5360 1188,5359 1060,5360 1059,5361 1059,5362 1058,5364 1058,5366 1057,5367 1057,5369 1055,5370 1028,5370 1028,5371 1028,5372 1022,5377 1021,5377 1017,5381 1015,5381 1013,5383 1006,5383 1005,5382 1004,5382 1004,5382 1004,5361 1003,5360 958,5360 957,5359 956,5359 954,5357 842,5358 842,5358 842,5371 841,5372 841,5379 840,5380 840,5381 839,5382 836,5382 835,5383 833,5383 832,5384 826,5384 823,5381 823,5377 822,5376 822,5355 821,5354 795,5354 794,5353 678,5354 678,5354 678,5377 676,5379 661,5379 660,5378 609,5378 608,5377 607,5377 605,5374 605,5348 604,5348 545,5348 544,5347 541,5347 540,5346 478,5347 477,5346 475,5346 474,5345 422,5345 421,5344 414,5344 413,5343 250,5344 249,5345 203,5345 203,5345 203,5367 202,5368 202,5369 199,5372 198,5372 197,5373 196,5373 196,5373 196,5374 195,5375 165,5375 165,5374 164,5267 165,5267 169,5267 169,5267 169,5292 169,5293 317,5292 318,5292 317,5269 318,5268 320,5268 321,5267 328,5267 330,5269 508,5268 509,5267 512,5267 513,5266 514,5266 515,5267 516,5267 516,5268 517,5269 517,5270 518,5271 519,5297 519,5297 669,5297 670,5298 671,5298 672,5298 672,5300 672,5301 691,5301 692,5301 692,5302 692,5303 730,5302 731,5303 833,5303 836,5306 925,5306 926,5307 959,5306 963,5310 1035,5310 1036,5310 1036,5284 1036,5283 1106,5283 1107,5282 1107,5280 1107,5280 1159,5280 1160,5281 1162,5281 1163,5281 1163,5283 1164,5284 1164,5296 1165,5297 1165,5306 1165,5307 1437,5305 1438,5305 1438,5301 1438,5300 1526,5300 1527,5299 1527,5278 1527,5278 1528,5278 1530,5276 1531,5276 1532,5275 1533,5275 1534,5274 1535,5275 1536,5275 1537,5276 1539,5276 1542,5278 1542,5279 1542,5280 1592,5280 1593,5281 1594,5281 1597,5283 1597,5304 1597,5305 1697,5304 1700,5302 1700,5301 1701,5300 1701,5299 1703,5297 1703,5296 1704,5295 1704,5294 1706,5292 1706,5291 1707,5289 1708,5289 1710,5287 1711,5287 1712,5286 1713,5286 1716,5283 1717,5283 1718,5282 1721,5282 1723,5280 1724,5280 1725,5279 1729,5279 1730,5278 1741,5278 1742,5279 1747,5279 1748,5280 1751,5280 1752,5281 1755,5281 1757,5283 1758,5283 1759,5283 1759,5284 1760,5285 1760,5286 1761,5287 1761,5290 1762,5291 1762,5306 1762,5307 1898,5306 1899,5306 1899,5279 1899,5278 1959,5278 1960,5279 1960,5382 1959,5382 1944,5382 1943,5381 1938,5381 1938,5381 1938,5380 1937,5379 1898,5379 1898,5379 1898,5358 1897,5357 1790,5358 1789,5357 1788,5357 1787,5356 1642,5356 1641,5357 1639,5357 1638,5356 1638,5355 1637,5354 1614,5355 1613,5354 1593,5354 1592,5353 1495,5353 1495,5354 1495,5382 1492,5384 1489,5384 1488,5385 1480,5385 1479,5386"/>
        <TextEquiv index="0">
          <Unicode>cob. Schopper. part. 3. Chorographi&#230; Ger-</Unicode>
        </TextEquiv>
        <TextEquiv index="1">
          <Unicode>cob. Schopper. part. 3. Chorographi&#230; Ger-</Unicode>
        </TextEquiv>
      </TextLine>
      <TextLine id="l46">
        <Coords points="1902,5495 1901,5495 1901,5479 1900,5478 1900,5473 1900,5472 1762,5473 1761,5472 1761,5471 1760,5470 1760,5468 1759,5467 1651,5467 1650,5468 1649,5468 1648,5467 1629,5468 1627,5466 1624,5466 1623,5465 1491,5465 1488,5468 1283,5469 1282,5470 1281,5470 1280,5471 1185,5471 1184,5472 1183,5472 1182,5473 1173,5473 1170,5471 995,5471 993,5469 977,5469 976,5468 951,5468 950,5467 947,5467 946,5466 904,5467 903,5466 761,5466 759,5468 758,5468 753,5464 753,5463 752,5461 568,5462 567,5463 567,5464 567,5464 566,5464 565,5465 563,5465 562,5466 558,5466 557,5465 556,5465 555,5465 555,5464 553,5462 553,5461 552,5459 533,5459 532,5458 530,5458 529,5457 523,5457 522,5456 518,5456 517,5455 436,5456 435,5455 434,5455 433,5454 407,5454 406,5453 328,5453 327,5452 169,5453 169,5453 169,5482 169,5483 166,5483 165,5482 165,5375 165,5375 168,5375 169,5375 169,5402 169,5403 228,5403 229,5404 249,5404 250,5405 327,5404 327,5404 327,5389 328,5388 328,5378 328,5377 329,5377 330,5378 330,5379 330,5379 332,5379 333,5380 333,5382 333,5382 407,5382 408,5383 410,5383 413,5385 413,5405 414,5406 472,5406 474,5408 475,5408 476,5409 605,5408 606,5406 606,5405 609,5403 610,5403 612,5401 613,5401 614,5400 615,5400 615,5399 615,5398 616,5398 617,5398 619,5396 620,5396 623,5393 624,5393 625,5392 626,5392 626,5391 689,5391 690,5390 690,5386 691,5385 706,5385 707,5386 768,5385 769,5386 770,5386 772,5388 772,5392 773,5392 786,5392 786,5393 786,5394 788,5396 788,5414 789,5414 898,5414 898,5413 898,5397 899,5396 899,5394 901,5393 902,5393 903,5392 905,5392 906,5390 908,5390 909,5391 911,5391 915,5394 915,5418 916,5419 945,5418 945,5419 945,5420 946,5420 1121,5420 1121,5419 1121,5398 1124,5396 1125,5396 1126,5395 1150,5395 1151,5396 1157,5396 1158,5397 1160,5397 1165,5402 1165,5404 1167,5406 1167,5413 1169,5415 1169,5420 1170,5421 1297,5420 1297,5419 1297,5414 1298,5414 1299,5414 1300,5412 1300,5409 1301,5408 1301,5406 1302,5405 1302,5404 1303,5403 1303,5402 1304,5401 1304,5400 1305,5400 1306,5400 1306,5399 1306,5398 1308,5396 1308,5395 1310,5394 1311,5394 1312,5393 1315,5393 1317,5391 1319,5391 1319,5390 1320,5390 1321,5389 1326,5389 1327,5390 1330,5390 1333,5392 1333,5393 1335,5395 1335,5411 1336,5412 1399,5412 1400,5413 1400,5417 1401,5418 1508,5417 1509,5416 1511,5416 1512,5415 1516,5415 1517,5416 1640,5415 1640,5415 1640,5391 1642,5389 1653,5389 1655,5391 1751,5391 1752,5392 1899,5391 1899,5391 1899,5380 1899,5379 1907,5379 1908,5380 1908,5381 1908,5381 1943,5381 1944,5382 1959,5382 1960,5383 1960,5494 1960,5494 1908,5494 1907,5495"/>
        <TextEquiv index="0">
          <Unicode>mani&#230; c. 6. Nicolaum Reu&#383;nerum de Ur-</Unicode>
        </TextEquiv>
        <TextEquiv index="1">
          <Unicode>mani&#230; c. 6. Nicolaum Reu&#383;nerum de Ur-</Unicode>
        </TextEquiv>
      </TextLine>
      <TextLine id="l47">
        <Coords points="1246,5612 1246,5612 1246,5611 1245,5610 1245,5609 1244,5608 1244,5602 1243,5601 1243,5596 1242,5595 572,5598 571,5597 565,5597 563,5595 563,5580 562,5579 166,5581 166,5580 165,5483 166,5483 169,5483 169,5484 223,5484 224,5485 225,5485 226,5486 227,5486 228,5487 305,5486 306,5487 307,5487 310,5490 468,5490 469,5491 473,5491 473,5491 473,5492 474,5493 570,5492 570,5493 570,5498 571,5498 825,5497 827,5500 827,5506 828,5506 1651,5502 1652,5501 1653,5501 1654,5500 1902,5499 1902,5499 1902,5496 1903,5495 1938,5495 1939,5494 1960,5494 1960,5495 1961,5598 1960,5598 1285,5601 1285,5602 1285,5603 1284,5604 1284,5605 1279,5609 1277,5609 1276,5610 1275,5610 1273,5612"/>
        <TextEquiv index="0">
          <Unicode>bibus Imperialibus. Meigerium in Nucl.</Unicode>
        </TextEquiv>
        <TextEquiv index="1">
          <Unicode>bibus Imperialibus. Meigerium in Nucl.</Unicode>
        </TextEquiv>
      </TextLine>
      <TextLine id="l48">
        <Coords points="1901,5719 1900,5719 1900,5715 1900,5714 1820,5715 1818,5717 1816,5717 1815,5716 1815,5711 1815,5711 1796,5711 1793,5708 1793,5700 1793,5700 1769,5700 1767,5698 1745,5698 1744,5697 1648,5697 1647,5698 1647,5719 1646,5720 1645,5720 1645,5698 1645,5697 1631,5698 1630,5699 1627,5699 1626,5698 1576,5698 1575,5698 1575,5709 1575,5710 1552,5710 1551,5710 1551,5711 1549,5714 1547,5714 1546,5714 1546,5715 1546,5716 1543,5716 1542,5717 1539,5717 1538,5716 1537,5716 1533,5712 1533,5710 1532,5709 1532,5701 1532,5701 1520,5701 1519,5700 1494,5700 1492,5698 1441,5698 1440,5697 1352,5698 1351,5699 1349,5699 1347,5701 1279,5701 1278,5700 1237,5700 1236,5699 1235,5699 1234,5698 1233,5698 1232,5697 1154,5698 1153,5697 1074,5697 1073,5698 997,5698 996,5699 996,5717 993,5720 990,5720 989,5721 985,5721 984,5720 980,5720 979,5719 976,5719 974,5718 974,5701 974,5700 957,5700 956,5699 955,5699 954,5698 953,5698 950,5696 950,5695 950,5694 915,5695 913,5693 814,5693 813,5694 813,5713 812,5714 809,5714 808,5715 805,5715 804,5716 801,5716 800,5717 799,5716 794,5716 791,5714 791,5713 790,5712 790,5689 790,5688 777,5688 776,5687 758,5687 757,5686 657,5687 656,5687 656,5689 655,5690 655,5691 649,5698 648,5698 643,5703 642,5703 641,5704 638,5704 637,5705 634,5705 631,5702 631,5677 631,5677 581,5677 580,5676 492,5676 490,5674 489,5674 488,5673 461,5674 460,5674 460,5704 460,5705 459,5704 459,5674 459,5674 455,5674 388,5674 387,5675 384,5675 383,5676 224,5677 223,5678 169,5678 169,5678 169,5705 169,5706 167,5706 166,5705 166,5581 166,5581 168,5581 169,5581 169,5582 169,5583 236,5583 237,5583 237,5589 237,5590 240,5590 241,5590 241,5592 242,5593 242,5595 243,5596 243,5597 243,5598 248,5598 249,5599 357,5598 358,5597 359,5597 360,5596 366,5596 368,5598 370,5598 373,5601 374,5601 376,5602 376,5603 377,5604 377,5607 378,5608 378,5622 379,5623 510,5622 510,5622 510,5605 510,5604 511,5604 512,5603 514,5603 515,5602 516,5602 517,5601 518,5601 519,5602 565,5602 566,5603 567,5603 568,5604 570,5604 572,5606 572,5630 573,5630 590,5630 591,5631 592,5631 593,5632 654,5632 655,5633 655,5634 656,5635 657,5635 659,5637 805,5636 806,5635 807,5637 807,5639 808,5639 821,5639 822,5640 904,5640 904,5639 904,5635 905,5634 905,5633 906,5632 906,5631 907,5630 907,5629 911,5625 911,5624 913,5623 915,5623 916,5622 917,5622 918,5621 925,5621 925,5620 927,5620 929,5621 930,5621 931,5622 933,5622 936,5625 936,5626 937,5627 937,5628 939,5630 939,5640 940,5641 990,5640 991,5642 991,5644 992,5644 1086,5644 1086,5643 1086,5636 1087,5635 1087,5634 1088,5633 1088,5632 1089,5631 1089,5630 1090,5629 1090,5628 1091,5627 1092,5627 1093,5627 1095,5625 1096,5625 1097,5624 1098,5624 1100,5622 1103,5622 1104,5621 1109,5621 1110,5620 1112,5620 1113,5621 1115,5621 1116,5622 1162,5622 1162,5622 1162,5623 1163,5624 1165,5624 1170,5629 1170,5631 1171,5632 1171,5633 1172,5634 1172,5635 1173,5636 1173,5641 1174,5641 1226,5641 1227,5642 1317,5642 1320,5639 1391,5639 1393,5637 1394,5637 1395,5636 1415,5635 1416,5634 1417,5634 1421,5630 1437,5630 1438,5629 1438,5627 1439,5626 1439,5625 1443,5621 1444,5621 1446,5618 1447,5618 1449,5616 1452,5616 1453,5615 1521,5615 1522,5614 1522,5613 1522,5613 1523,5613 1523,5614 1523,5615 1531,5615 1532,5616 1533,5616 1534,5617 1537,5617 1540,5619 1540,5633 1541,5634 1657,5633 1657,5633 1657,5628 1658,5627 1658,5625 1659,5624 1659,5620 1662,5616 1663,5616 1664,5615 1665,5615 1668,5612 1669,5612 1670,5611 1672,5611 1673,5610 1677,5610 1678,5609 1694,5609 1695,5610 1726,5610 1729,5613 1813,5613 1814,5612 1899,5611 1900,5611 1900,5599 1900,5598 1960,5598 1961,5599 1961,5718 1961,5718 1906,5718 1905,5719"/>
        <TextEquiv index="0">
          <Unicode>Hi&#383;tor. lib. 3. cap. 18. p. 188. von etlichen Auff&#11799;</Unicode>
        </TextEquiv>
        <TextEquiv index="1">
          <Unicode>Hi&#383;tor. lib. 3. cap. 18. p. 188. von etlichen Auff&#11799;</Unicode>
        </TextEquiv>
      </TextLine>
      <TextLine id="l49">
        <Coords points="1938,5836 1937,5835 1896,5835 1896,5835 1896,5811 1895,5810 1785,5811 1784,5810 1783,5810 1782,5809 1640,5809 1640,5810 1640,5826 1639,5827 1639,5828 1637,5829 1627,5830 1626,5831 1625,5830 1618,5830 1617,5829 1615,5829 1614,5827 1614,5822 1613,5822 1477,5822 1477,5823 1477,5825 1473,5828 1338,5829 1336,5831 1324,5831 1323,5830 1187,5830 1187,5831 1187,5832 1184,5834 1181,5834 1180,5835 1179,5835 1177,5833 1177,5832 1176,5831 1176,5829 1175,5828 1175,5814 1174,5813 1129,5814 1128,5813 1048,5813 1047,5812 1044,5812 1043,5811 1042,5811 1041,5810 959,5810 958,5809 955,5809 954,5808 817,5809 817,5809 817,5807 816,5806 816,5805 815,5804 776,5804 774,5802 773,5802 773,5802 773,5801 772,5800 729,5800 728,5799 725,5799 724,5798 501,5799 501,5800 501,5801 499,5803 499,5804 495,5807 494,5807 494,5808 494,5809 491,5811 488,5811 486,5809 485,5810 483,5807 483,5804 482,5803 482,5801 481,5800 481,5793 480,5793 339,5793 339,5794 339,5810 338,5811 338,5812 335,5814 334,5814 333,5815 332,5815 331,5816 322,5816 321,5817 320,5817 319,5816 316,5816 315,5815 312,5815 310,5813 310,5812 309,5811 309,5796 308,5795 169,5796 169,5796 169,5817 168,5818 167,5818 167,5817 166,5706 167,5706 169,5706 169,5706 169,5721 169,5722 305,5721 305,5721 305,5720 307,5718 312,5718 314,5716 315,5716 319,5712 324,5712 325,5713 328,5713 330,5716 330,5717 333,5720 333,5729 334,5729 582,5728 582,5728 582,5727 583,5726 583,5725 584,5724 584,5722 588,5718 588,5717 590,5715 591,5715 593,5713 596,5713 599,5710 600,5710 601,5709 627,5709 628,5708 629,5708 630,5709 633,5709 634,5710 639,5710 641,5712 642,5712 643,5713 643,5716 644,5717 683,5717 685,5719 686,5719 687,5720 687,5721 688,5722 736,5721 738,5724 738,5734 739,5734 912,5734 913,5732 913,5731 914,5731 917,5731 918,5730 1052,5729 1053,5728 1057,5728 1058,5727 1059,5727 1060,5728 1061,5728 1062,5729 1063,5734 1063,5735 1092,5735 1095,5737 1095,5751 1095,5752 1280,5751 1281,5750 1369,5750 1370,5749 1370,5739 1371,5738 1371,5737 1372,5736 1372,5735 1373,5734 1374,5734 1375,5733 1393,5733 1393,5732 1393,5731 1394,5731 1395,5731 1396,5730 1397,5730 1398,5729 1399,5729 1400,5728 1401,5728 1402,5727 1407,5726 1408,5725 1411,5725 1412,5726 1413,5726 1414,5727 1550,5727 1552,5725 1555,5725 1556,5724 1563,5724 1564,5723 1567,5723 1568,5722 1583,5722 1584,5721 1594,5721 1595,5720 1596,5720 1597,5721 1646,5720 1646,5721 1647,5743 1647,5743 1661,5743 1662,5744 1662,5745 1663,5746 1791,5746 1792,5745 1792,5734 1792,5734 1793,5734 1794,5733 1793,5732 1794,5731 1794,5730 1796,5729 1845,5729 1846,5728 1849,5728 1850,5727 1899,5726 1899,5726 1899,5720 1900,5719 1938,5719 1939,5718 1961,5718 1961,5719 1962,5836 1961,5836"/>
        <TextEquiv index="0">
          <Unicode>ruhren zu C&#246;lln / die Limpurgi&#383;che Chronick</Unicode>
        </TextEquiv>
        <TextEquiv index="1">
          <Unicode>ruhren zu C&#246;lln / die Limpurgi&#383;che Chronick</Unicode>
        </TextEquiv>
      </TextLine>
      <TextLine id="l50">
        <Coords points="1943,5946 1942,5945 1896,5945 1895,5945 1895,5936 1894,5935 1894,5918 1894,5917 1868,5917 1867,5916 1854,5917 1853,5916 1776,5916 1775,5915 1759,5915 1758,5914 1507,5915 1505,5917 1503,5917 1502,5918 1409,5918 1407,5920 1406,5920 1402,5925 1399,5925 1398,5926 1396,5926 1395,5925 1220,5925 1219,5926 1217,5926 1216,5927 1057,5928 1056,5929 1056,5931 1052,5935 1052,5937 1052,5937 1051,5937 1049,5939 1049,5940 1045,5944 1041,5944 1040,5945 1039,5945 1038,5946 1036,5945 1036,5943 1036,5942 1006,5942 1005,5941 1004,5941 1003,5941 1003,5921 1003,5920 915,5921 914,5920 864,5920 863,5919 862,5919 861,5918 861,5917 860,5916 838,5916 835,5913 835,5912 834,5911 834,5910 833,5909 832,5909 831,5908 698,5909 697,5909 697,5912 696,5913 696,5914 695,5915 695,5916 694,5917 694,5918 693,5919 693,5920 688,5926 687,5926 686,5927 685,5927 685,5928 685,5929 683,5929 682,5930 679,5930 678,5931 598,5931 597,5930 596,5930 593,5928 593,5902 593,5901 429,5902 427,5903 427,5905 426,5906 426,5908 424,5910 424,5911 423,5912 423,5913 421,5915 421,5916 420,5917 420,5920 420,5921 419,5921 417,5923 414,5923 413,5922 412,5922 411,5921 411,5920 410,5919 410,5901 410,5901 335,5901 334,5900 333,5900 332,5899 306,5899 305,5898 169,5899 169,5899 169,5928 169,5929 168,5929 167,5928 167,5818 167,5818 240,5818 241,5817 244,5817 245,5816 246,5816 247,5815 248,5815 250,5817 252,5817 253,5818 255,5818 256,5819 257,5818 259,5820 259,5821 260,5822 260,5824 260,5824 314,5824 316,5826 316,5832 317,5833 317,5849 317,5849 497,5848 498,5848 498,5845 499,5844 499,5842 500,5841 500,5840 502,5838 502,5837 505,5834 505,5830 505,5829 506,5829 512,5823 513,5823 516,5820 517,5820 520,5817 524,5817 525,5816 528,5816 529,5817 531,5817 532,5818 533,5818 535,5820 535,5821 536,5822 536,5849 536,5849 543,5849 545,5850 592,5850 593,5851 598,5851 599,5852 605,5852 606,5853 608,5853 608,5853 608,5854 609,5855 694,5855 695,5856 703,5856 703,5856 703,5857 704,5858 835,5857 836,5856 837,5856 839,5854 928,5854 928,5853 928,5852 929,5851 929,5849 931,5847 931,5846 932,5845 932,5844 934,5842 936,5842 937,5843 939,5843 942,5845 942,5846 943,5847 943,5848 946,5850 947,5850 948,5851 949,5851 951,5853 953,5853 954,5854 982,5854 982,5855 982,5862 983,5862 1026,5862 1026,5863 1026,5864 1027,5864 1098,5864 1098,5863 1098,5849 1098,5849 1099,5849 1099,5863 1100,5864 1229,5863 1229,5863 1229,5859 1230,5858 1230,5855 1233,5852 1233,5851 1235,5849 1237,5849 1237,5848 1239,5849 1304,5849 1304,5849 1304,5852 1305,5853 1306,5853 1307,5854 1309,5854 1313,5858 1314,5858 1315,5859 1318,5859 1319,5860 1320,5860 1321,5861 1455,5860 1455,5860 1455,5849 1456,5848 1456,5844 1457,5843 1457,5841 1458,5839 1483,5839 1484,5838 1488,5838 1489,5837 1539,5837 1540,5836 1542,5836 1543,5837 1546,5837 1549,5839 1549,5858 1550,5859 1568,5859 1568,5859 1568,5861 1569,5862 1721,5861 1722,5862 1723,5862 1725,5864 1896,5863 1896,5863 1896,5844 1897,5843 1897,5836 1897,5835 1903,5835 1904,5836 1961,5836 1962,5837 1962,5946 1962,5946"/>
        <TextEquiv index="0">
          <Unicode>fol. 27. &#383;eq. 52. und 55. und das Theatrum</Unicode>
        </TextEquiv>
        <TextEquiv index="1">
          <Unicode>fol. 27. &#383;eq. 52. und 55. und das Theatrum</Unicode>
        </TextEquiv>
      </TextLine>
      <TextLine id="l51">
        <Coords points="1895,6060 1895,6060 1895,6059 1894,6058 1398,6061 1397,6059 1397,6053 1396,6053 1289,6053 1289,6052 1289,6045 1288,6045 1115,6046 1114,6045 1113,6045 1113,6044 1113,6038 1112,6038 426,6041 425,6040 421,6040 420,6039 419,6039 418,6037 418,6032 417,6032 168,6033 168,6032 167,5929 168,5929 220,5929 221,5928 222,5928 223,5927 231,5927 232,5928 243,5928 245,5930 260,5929 261,5930 262,5930 263,5931 271,5931 273,5934 273,5935 274,5936 274,5938 275,5938 675,5937 676,5938 679,5938 680,5939 686,5939 687,5940 765,5939 766,5941 766,5946 767,5946 1717,5942 1718,5943 1719,5943 1720,5944 1721,5944 1723,5946 1942,5945 1943,5946 1962,5946 1962,5947 1963,6060 1962,6060"/>
        <TextEquiv index="0">
          <Unicode>Europ&#230;um Merianum, von denen bey Krieg</Unicode>
        </TextEquiv>
        <TextEquiv index="1">
          <Unicode>Europ&#230;um Merianum, von denen bey Krieg</Unicode>
        </TextEquiv>
      </TextLine>
      <TextLine id="l52">
        <Coords points="1893,6196 1893,6196 1892,6149 1892,6148 1806,6149 1805,6150 1803,6150 1802,6151 1758,6151 1757,6152 1755,6152 1753,6150 1753,6148 1752,6147 1752,6144 1749,6141 1742,6141 1740,6140 1740,6139 1739,6138 1739,6109 1739,6108 1679,6108 1678,6109 1678,6112 1677,6113 1677,6115 1676,6116 1676,6122 1675,6123 1675,6125 1673,6127 1673,6128 1672,6129 1672,6130 1668,6134 1668,6136 1667,6137 1666,6137 1662,6141 1661,6141 1659,6143 1658,6143 1654,6147 1654,6148 1653,6149 1652,6149 1650,6151 1627,6152 1626,6152 1626,6153 1625,6155 1623,6153 1546,6153 1544,6154 1544,6155 1543,6157 1540,6157 1539,6156 1538,6156 1536,6154 1536,6151 1535,6150 1535,6149 1535,6149 1534,6149 1533,6148 1532,6148 1531,6147 1530,6147 1529,6146 1528,6146 1527,6145 1526,6145 1525,6144 1520,6144 1519,6143 1515,6143 1514,6143 1514,6142 1513,6141 1513,6131 1513,6130 1445,6130 1444,6131 1444,6133 1443,6134 1443,6137 1442,6138 1442,6142 1441,6143 1441,6144 1440,6145 1440,6147 1439,6148 1438,6148 1437,6149 1437,6152 1434,6155 1434,6156 1432,6158 1430,6158 1429,6159 1428,6159 1427,6160 1423,6160 1419,6156 1375,6157 1374,6156 1373,6156 1372,6155 1302,6155 1301,6155 1301,6165 1300,6166 1300,6168 1300,6169 1298,6169 1297,6170 1296,6170 1295,6171 1293,6171 1292,6172 1286,6172 1285,6171 1281,6171 1278,6169 1278,6168 1277,6167 1277,6154 1277,6153 1265,6153 1264,6152 1140,6153 1138,6155 1137,6155 1136,6156 1130,6156 1128,6154 1128,6153 1128,6153 1127,6153 1126,6152 1122,6152 1121,6151 1120,6151 1119,6150 1113,6150 1112,6149 1111,6149 1109,6147 1103,6147 1102,6146 1102,6145 1099,6142 1098,6142 1097,6141 1095,6141 1089,6135 1089,6134 1088,6133 1088,6130 1087,6129 1087,6128 1086,6127 1086,6126 1085,6125 1085,6124 1083,6122 1083,6121 1082,6120 1082,6117 1081,6116 1081,6114 1080,6113 1080,6110 1079,6109 1079,6108 1079,6108 1077,6108 1076,6107 1076,6106 1076,6106 1015,6106 1014,6107 1014,6133 1013,6134 1013,6136 1012,6137 1012,6140 1010,6142 1010,6144 1009,6145 1009,6146 1005,6150 1004,6150 1003,6151 1001,6151 999,6149 921,6150 920,6149 919,6149 916,6146 848,6146 845,6148 845,6149 844,6150 844,6152 843,6153 843,6155 840,6159 839,6159 836,6162 835,6162 834,6163 827,6163 826,6164 825,6164 824,6163 821,6163 820,6162 819,6162 818,6161 813,6161 804,6153 804,6145 804,6144 710,6145 709,6145 709,6146 708,6147 708,6151 707,6152 707,6153 707,6154 706,6154 703,6157 702,6157 700,6159 699,6159 698,6160 691,6160 690,6161 681,6161 680,6160 677,6160 675,6158 674,6158 673,6157 671,6157 669,6155 668,6155 666,6153 666,6152 665,6151 665,6145 665,6145 660,6145 659,6144 659,6140 659,6140 603,6140 602,6139 602,6138 601,6138 601,6135 601,6134 559,6134 558,6133 557,6133 555,6132 555,6131 555,6130 554,6130 551,6127 549,6127 548,6126 545,6126 544,6125 479,6126 476,6128 476,6129 474,6132 473,6132 472,6132 472,6134 470,6137 451,6137 450,6137 450,6148 449,6149 449,6150 447,6153 443,6153 442,6152 438,6152 437,6151 436,6151 432,6147 432,6144 431,6143 431,6134 431,6134 402,6134 401,6133 401,6131 401,6131 325,6131 324,6132 324,6139 323,6140 323,6141 321,6143 319,6143 318,6144 317,6144 315,6146 311,6146 310,6147 308,6147 303,6142 278,6142 277,6142 277,6129 277,6128 270,6128 266,6124 259,6124 258,6125 258,6168 258,6168 257,6168 257,6125 257,6125 256,6125 256,6178 256,6179 255,6178 255,6125 255,6125 248,6125 247,6125 247,6174 247,6175 246,6175 245,6174 245,6125 245,6125 169,6125 169,6125 169,6175 169,6176 168,6175 168,6033 168,6033 169,6033 169,6042 169,6043 243,6043 244,6042 244,6041 244,6041 247,6041 248,6040 248,6039 249,6038 250,6038 251,6037 253,6037 254,6037 254,6044 254,6045 316,6044 318,6042 319,6042 320,6041 323,6041 325,6039 328,6039 329,6040 334,6040 335,6041 336,6041 338,6043 339,6043 341,6045 341,6046 342,6047 460,6047 461,6046 465,6046 466,6045 469,6045 476,6052 477,6052 479,6053 479,6054 479,6055 480,6056 481,6056 482,6056 482,6057 483,6058 483,6073 483,6074 546,6073 549,6070 551,6070 552,6069 553,6069 554,6070 640,6070 641,6069 642,6069 643,6068 644,6068 645,6067 646,6067 648,6068 648,6069 648,6070 664,6070 665,6071 695,6071 698,6074 699,6074 700,6075 768,6074 769,6073 834,6073 836,6075 879,6075 880,6076 923,6076 924,6076 924,6077 926,6079 961,6078 964,6081 982,6081 984,6083 1004,6083 1005,6084 1008,6084 1009,6086 1009,6088 1010,6089 1010,6090 1011,6091 1011,6092 1012,6092 1082,6092 1083,6090 1083,6088 1084,6087 1084,6086 1086,6084 1086,6083 1087,6082 1087,6081 1088,6080 1088,6079 1089,6078 1089,6077 1091,6075 1092,6075 1097,6070 1097,6069 1098,6068 1106,6068 1108,6066 1109,6066 1111,6064 1112,6064 1113,6063 1116,6063 1117,6062 1125,6062 1126,6061 1129,6061 1130,6060 1131,6061 1142,6061 1143,6062 1144,6062 1145,6063 1146,6063 1147,6064 1177,6063 1179,6065 1179,6089 1180,6089 1215,6089 1215,6089 1215,6086 1216,6085 1259,6085 1259,6085 1259,6077 1259,6076 1261,6074 1262,6074 1263,6073 1264,6073 1266,6071 1267,6071 1269,6069 1272,6069 1273,6068 1274,6068 1275,6067 1276,6067 1278,6069 1281,6069 1284,6072 1284,6074 1285,6075 1285,6088 1286,6088 1353,6088 1354,6087 1356,6087 1357,6088 1428,6087 1429,6086 1431,6086 1432,6085 1433,6085 1434,6087 1434,6088 1438,6091 1513,6091 1513,6091 1513,6068 1519,6061 1520,6061 1521,6060 1567,6060 1568,6059 1572,6059 1573,6060 1576,6060 1577,6061 1578,6061 1579,6062 1580,6062 1582,6063 1582,6064 1583,6065 1583,6068 1583,6069 1647,6068 1649,6070 1649,6071 1650,6072 1650,6073 1650,6073 1651,6073 1657,6078 1658,6078 1659,6079 1660,6079 1661,6080 1662,6080 1663,6081 1667,6081 1672,6087 1672,6089 1673,6089 1742,6089 1743,6088 1743,6087 1747,6083 1753,6083 1754,6084 1754,6085 1755,6086 1839,6086 1840,6085 1841,6085 1842,6084 1843,6084 1844,6083 1894,6082 1894,6082 1894,6063 1895,6062 1895,6061 1895,6060 1962,6060 1963,6061 1964,6196 1963,6196"/>
        <TextEquiv index="0">
          <Unicode>da&#383;elb&#383;t vorgangenen Sachen; Und von</Unicode>
        </TextEquiv>
        <TextEquiv index="1">
          <Unicode>da&#383;elb&#383;t vorgangenen Sachen; Und von</Unicode>
        </TextEquiv>
      </TextLine>
      <TextEquiv>
        <Unicode/>
      </TextEquiv>
    </TextRegion>
    <TextRegion id="r2" orientation="-0.125" type="paragraph">
      <Coords points="1907,6214 1940,1218 1940,399 3710,399 3694,6211 3593,6176 3499,6176 3365,6197 3063,6185 2786,6174 2767,6220"/>
      <TextLine id="l53">
        <Coords points="1939,521 1939,424 1940,423 1987,423 1987,423 1987,418 1989,416 2008,416 2009,415 2010,415 2011,414 2018,414 2019,413 2022,413 2026,418 2026,431 2027,431 2051,431 2052,432 2207,433 2208,432 2210,432 2210,431 2210,429 2211,428 2211,427 2213,425 2213,424 2215,423 2217,423 2218,422 2219,422 2220,421 2221,421 2222,420 2223,420 2224,419 2226,419 2228,417 2229,417 2230,416 2231,416 2233,414 2234,414 2235,413 2243,413 2244,412 2245,412 2246,413 2254,413 2256,415 2263,415 2264,416 2265,416 2266,417 2292,417 2292,417 2292,419 2293,420 2293,428 2294,429 2423,429 2423,429 2423,428 2424,427 2424,426 2427,423 2427,422 2428,421 2433,421 2434,423 2434,425 2435,425 2436,425 2440,429 2441,429 2441,430 2441,431 2444,433 2554,433 2555,432 2555,427 2558,424 2632,425 2632,424 2632,414 2633,413 2633,412 2634,412 2638,412 2639,411 2668,411 2669,412 2803,412 2804,413 2805,413 2807,415 2807,439 2808,440 3041,441 3042,440 3061,440 3062,439 3063,439 3064,438 3071,438 3072,439 3148,439 3148,438 3148,418 3149,418 3150,418 3153,415 3156,415 3157,416 3158,416 3159,417 3161,417 3161,417 3161,418 3162,419 3162,421 3163,422 3270,422 3271,421 3272,421 3275,418 3276,418 3277,417 3279,417 3280,416 3283,416 3284,415 3294,415 3295,414 3339,414 3339,414 3339,412 3340,411 3342,411 3343,410 3345,410 3346,409 3347,409 3350,406 3353,410 3353,413 3354,413 3409,413 3411,416 3411,419 3412,420 3412,437 3413,437 3471,437 3473,439 3484,439 3485,440 3606,441 3608,439 3609,440 3609,441 3611,443 3612,443 3612,443 3612,448 3613,449 3613,450 3614,451 3616,451 3616,451 3616,470 3617,471 3628,471 3628,471 3628,473 3630,475 3630,476 3633,479 3633,480 3634,481 3634,486 3633,487 3633,488 3630,492 3629,492 3628,493 3598,493 3597,492 3569,492 3568,491 3474,490 3473,489 3471,489 3470,488 3302,488 3301,489 3286,489 3285,488 3051,488 3049,490 3042,490 3041,490 3041,515 3040,516 3039,516 3038,516 3038,491 3038,490 2924,490 2923,491 2918,491 2917,490 2797,490 2796,491 2695,491 2694,492 2693,492 2692,493 2667,493 2665,491 2665,488 2664,487 2664,480 2663,479 2663,478 2661,476 2661,472 2660,471 2660,470 2659,469 2659,468 2658,467 2658,465 2657,464 2550,463 2549,464 2549,467 2548,468 2548,470 2547,471 2547,472 2546,473 2546,474 2545,475 2545,477 2544,478 2544,479 2543,480 2543,481 2542,482 2542,483 2541,484 2541,486 2538,489 2538,495 2537,496 2537,498 2533,502 2533,503 2533,503 2531,503 2529,502 2529,500 2528,499 2528,498 2527,496 2411,496 2409,498 2408,498 2407,499 2406,499 2405,498 2269,498 2268,499 2265,499 2264,500 2258,500 2257,501 2246,501 2245,500 2234,500 2233,499 2231,499 2230,498 2165,498 2164,497 2140,497 2139,496 2031,495 2030,496 2030,511 2028,513 2027,513 2026,514 2023,514 2022,515 2011,515 2010,516 1941,516 1940,517 1940,521 1940,521"/>
        <TextEquiv index="0">
          <Unicode>ihrem Stande / Wehnerum in Oblervat.</Unicode>
        </TextEquiv>
        <TextEquiv index="1">
          <Unicode>ihrem Stande / Wehnerum in Oblervat.</Unicode>
        </TextEquiv>
      </TextLine>
      <TextLine id="l54">
        <Coords points="1939,632 1939,632 1939,522 1940,521 1940,522 1940,549 1941,549 2111,549 2111,549 2111,545 2112,544 2112,542 2113,541 2113,535 2114,534 2114,533 2115,532 2116,532 2117,531 2121,531 2122,530 2123,530 2124,530 2125,530 2126,529 2129,529 2130,528 2132,528 2133,527 2135,527 2136,528 2140,528 2143,531 2144,531 2145,532 2249,532 2250,533 2250,534 2251,535 2251,551 2252,552 2277,552 2278,553 2327,553 2328,554 2402,554 2402,554 2402,553 2404,551 2404,550 2405,549 2405,547 2406,546 2406,545 2407,544 2407,539 2409,537 2409,535 2411,533 2412,533 2412,533 2412,532 2413,531 2413,530 2415,528 2415,527 2416,526 2416,525 2417,524 2422,524 2424,522 2425,522 2427,524 2429,524 2431,526 2435,526 2438,530 2438,547 2439,547 2503,547 2504,546 2506,546 2508,544 2583,545 2583,544 2583,536 2584,535 2584,534 2585,533 2585,531 2586,530 2586,527 2588,526 2589,526 2589,525 2589,524 2590,524 2593,524 2595,522 2597,522 2597,521 2597,520 2599,519 2601,519 2602,518 2604,518 2605,519 2610,519 2611,520 2616,520 2617,521 2645,521 2646,522 2647,522 2650,525 2650,527 2653,530 2767,530 2768,529 2771,529 2772,528 2775,528 2776,529 2777,529 2778,530 2778,548 2779,549 2782,549 2783,550 2884,550 2885,549 2885,548 2886,547 2886,546 2887,545 2887,543 2888,542 2890,542 2890,542 2890,541 2896,535 2900,535 2902,533 2903,533 2904,532 2904,531 2905,530 2906,530 2909,527 2910,527 2911,526 2912,526 2913,525 2915,525 2917,523 3011,523 3011,524 3011,541 3012,541 3057,542 3057,541 3057,537 3060,534 3060,533 3064,530 3068,530 3068,530 3068,535 3069,536 3070,536 3071,537 3072,537 3074,539 3076,539 3077,540 3156,540 3159,536 3159,535 3161,534 3163,534 3163,534 3163,536 3164,537 3164,549 3165,550 3243,550 3244,551 3348,551 3349,550 3350,550 3352,548 3355,548 3356,547 3381,547 3381,547 3381,541 3382,540 3383,540 3383,540 3383,538 3385,536 3385,535 3387,533 3389,533 3391,531 3393,531 3394,530 3404,530 3405,531 3406,531 3407,533 3407,534 3409,535 3410,535 3412,538 3412,552 3413,552 3506,553 3506,552 3506,529 3509,527 3511,527 3511,526 3511,524 3513,523 3513,523 3513,526 3514,527 3538,527 3539,528 3542,528 3544,530 3545,530 3546,531 3549,531 3549,531 3549,532 3550,533 3551,533 3553,535 3553,537 3554,538 3554,540 3555,541 3555,552 3556,553 3592,553 3595,556 3600,556 3603,559 3604,559 3604,560 3605,560 3606,560 3606,572 3606,573 3628,573 3629,574 3634,574 3636,575 3636,579 3633,582 3626,582 3625,583 3605,583 3605,583 3605,629 3604,630 3604,629 3604,590 3603,590 3602,591 3602,627 3601,628 3599,628 3599,627 3599,597 3598,597 3596,597 3594,599 3592,599 3591,600 3542,600 3541,601 3524,601 3523,600 3507,600 3506,599 3505,599 3504,598 3411,597 3407,601 3405,601 3404,602 3400,602 3399,601 3388,601 3387,600 3386,600 3385,599 3303,599 3303,600 3303,614 3302,615 3302,617 3301,618 3301,619 3296,624 3296,625 3295,625 3294,625 3293,626 3290,626 3289,627 3288,627 3287,628 3285,628 3284,629 3283,629 3282,630 3269,630 3268,629 3267,629 3265,627 3264,627 3263,626 3186,626 3184,628 3176,628 3175,629 3173,629 3170,626 3169,626 3167,623 3167,612 3166,612 3128,612 3126,609 3126,607 3125,607 3025,606 3023,608 2998,608 2998,609 2998,629 2996,630 2996,630 2996,609 2995,608 2951,608 2950,609 2945,609 2943,611 2921,611 2920,610 2914,610 2913,609 2910,609 2909,608 2908,608 2907,607 2905,607 2904,606 2903,606 2902,605 2900,605 2899,604 2821,604 2820,606 2820,607 2819,607 2815,607 2814,608 2789,608 2789,608 2789,622 2788,623 2787,623 2786,624 2782,624 2781,625 2772,625 2772,624 2772,623 2771,622 2771,620 2770,619 2770,608 2769,608 2651,608 2650,609 2649,608 2648,608 2647,607 2646,607 2643,604 2568,603 2565,606 2531,606 2530,608 2530,609 2529,610 2529,611 2528,612 2528,613 2525,616 2525,617 2521,621 2521,622 2520,623 2520,625 2518,626 2517,626 2516,627 2515,626 2514,626 2513,625 2510,625 2507,622 2507,609 2506,608 2414,608 2414,609 2414,619 2413,620 2413,627 2411,628 2408,628 2407,629 2404,629 2402,627 2402,606 2401,605 2313,605 2312,606 2312,607 2311,608 2311,609 2304,616 2302,616 2301,617 2297,617 2296,618 2294,618 2293,616 2293,602 2292,602 2265,602 2264,601 2246,601 2245,600 2157,600 2156,601 2156,602 2155,603 2149,603 2148,602 2082,601 2081,600 2062,600 2061,599 2007,599 2007,600 2007,632 2006,632"/>
        <TextEquiv index="0">
          <Unicode>practicis, v. freye Reichs&#11799;Stadt / pag. 180. Be-</Unicode>
        </TextEquiv>
        <TextEquiv index="1">
          <Unicode>practicis, . freye Reichs&#11799;Stadt / pag. 180. Be-</Unicode>
        </TextEquiv>
      </TextLine>
      <TextLine id="l55">
        <Coords points="2798,745 2791,745 2790,744 2789,744 2788,743 2784,743 2784,742 2784,711 2783,711 2640,711 2639,712 2639,713 2637,715 2637,716 2634,719 2631,719 2629,717 2592,717 2592,716 2592,714 2591,714 2464,713 2463,714 2462,714 2461,715 2460,714 2459,714 2458,713 2334,713 2333,712 2163,712 2162,713 2107,712 2106,713 2105,713 2104,714 2103,714 2102,713 2099,713 2097,711 2080,711 2079,710 1941,710 1941,711 1941,729 1940,730 1940,741 1939,741 1939,741 1939,633 1939,632 2006,632 2007,633 2053,633 2056,636 2105,636 2106,637 2107,637 2108,638 2109,639 2109,640 2110,641 2110,659 2110,659 2182,660 2185,663 2291,663 2292,662 2292,636 2293,635 2295,635 2296,634 2303,634 2305,635 2305,636 2306,637 2306,661 2306,662 2425,662 2426,662 2426,646 2427,644 2428,644 2429,643 2492,643 2493,643 2493,642 2494,640 2495,640 2496,639 2502,639 2504,641 2504,643 2505,644 2505,657 2505,657 2527,657 2528,658 2670,659 2671,658 2671,636 2671,636 2672,636 2673,635 2686,635 2687,636 2691,636 2692,637 2694,637 2695,637 2695,659 2695,660 2730,660 2731,660 2731,662 2731,663 2965,663 2966,663 2966,662 2966,661 3072,662 3073,663 3149,663 3150,664 3154,664 3155,665 3269,665 3270,665 3270,656 3271,655 3271,653 3272,652 3272,651 3273,650 3273,649 3274,647 3275,647 3276,646 3278,646 3279,645 3283,645 3284,644 3380,644 3381,644 3381,633 3382,631 3383,631 3384,630 3385,630 3386,631 3387,631 3388,632 3493,632 3494,631 3498,635 3498,659 3498,659 3600,660 3601,659 3601,657 3601,657 3603,657 3604,656 3604,640 3606,638 3608,639 3608,642 3610,644 3610,657 3610,658 3613,658 3615,660 3621,660 3622,661 3623,661 3625,662 3625,666 3625,667 3626,667 3628,669 3629,669 3631,670 3631,671 3632,672 3632,673 3633,674 3633,675 3634,676 3634,680 3633,681 3633,701 3632,702 3628,702 3628,702 3628,703 3625,706 3623,706 3618,711 3605,711 3604,710 3603,710 3602,709 3485,708 3485,709 3485,714 3484,715 3484,717 3483,718 3483,721 3482,722 3482,725 3481,726 3481,728 3480,728 3479,728 3475,732 3474,732 3473,733 3471,733 3469,735 3466,735 3465,736 3460,736 3459,735 3458,735 3457,734 3456,734 3455,733 3455,711 3454,710 3323,710 3322,711 3234,711 3233,712 3231,712 3228,715 3227,715 3226,716 3189,716 3188,717 3187,717 3187,717 3187,718 3186,719 3185,719 3184,720 3183,720 3180,723 3174,723 3174,723 3174,725 3173,726 3172,726 3171,727 3169,727 3168,728 3166,728 3165,729 3092,729 3092,729 3092,730 3091,731 3091,732 3088,735 3087,735 3085,737 3085,738 3084,739 3083,739 3082,740 3079,740 3078,741 3076,741 3075,742 3067,742 3066,743 3064,743 3063,744 2978,743 2976,745 2975,745 2974,744 2959,744 2956,741 2953,741 2952,740 2952,717 2951,716 2948,716 2947,715 2812,715 2812,716 2812,741 2809,743 2803,743 2801,745 2800,745 2799,746"/>
        <TextEquiv index="0">
          <Unicode>&#383;oldum de civitat. Imper. pag. 19. &amp; de Jure</Unicode>
        </TextEquiv>
        <TextEquiv index="1">
          <Unicode>&#383;oldum de civitat. Imper. pag. 19. &amp; de Jure</Unicode>
        </TextEquiv>
      </TextLine>
      <TextLine id="l56">
        <Coords points="2095,851 2094,850 2087,850 2086,849 2085,849 2084,849 2084,848 2083,847 2083,821 2083,820 1941,820 1940,821 1940,848 1940,848 1939,848 1940,787 1939,786 1939,744 1939,743 1940,744 1994,744 1996,746 1996,770 1996,770 2016,770 2017,771 2182,772 2185,769 2218,769 2219,768 2219,758 2220,757 2220,755 2221,754 2223,754 2224,753 2278,753 2279,752 2279,751 2281,749 2283,749 2284,748 2285,748 2287,746 2293,746 2295,747 2295,750 2295,751 2470,751 2472,753 2472,770 2472,770 2598,771 2599,770 2600,770 2602,772 2648,772 2649,773 2695,773 2696,774 2700,774 2701,775 2702,775 2703,776 2790,776 2791,775 2791,760 2792,759 2879,759 2880,759 2880,758 2880,757 2881,757 2882,756 2887,756 2889,758 2889,774 2889,774 2909,774 2910,775 3038,775 3039,774 3114,775 3115,774 3116,774 3119,771 3122,771 3124,772 3124,773 3124,774 3166,774 3167,775 3169,775 3170,776 3271,776 3272,776 3272,749 3272,748 3275,748 3277,746 3279,746 3281,748 3281,749 3282,750 3282,754 3283,755 3283,772 3283,772 3431,772 3432,772 3432,750 3432,749 3433,749 3434,748 3436,748 3437,747 3439,747 3440,746 3442,748 3536,749 3537,750 3540,750 3541,751 3542,751 3544,752 3544,773 3544,774 3577,774 3578,775 3584,775 3585,776 3590,776 3592,778 3593,778 3594,779 3595,779 3596,780 3597,780 3598,780 3598,781 3600,783 3600,784 3601,785 3600,789 3601,790 3602,790 3602,790 3602,793 3603,794 3633,794 3634,795 3634,796 3635,797 3635,805 3634,806 3634,807 3634,808 3630,808 3629,809 3601,809 3600,809 3600,810 3600,811 3595,816 3594,816 3591,819 3585,819 3584,820 3583,820 3582,821 3578,821 3577,822 3524,822 3523,822 3523,835 3521,837 3521,838 3520,839 3520,840 3518,842 3518,843 3517,845 3516,845 3515,846 3514,846 3511,849 3507,849 3506,850 3505,850 3504,851 3503,851 3502,852 3498,851 3497,852 3487,852 3485,850 3484,850 3483,849 3482,849 3480,848 3480,847 3476,843 3476,822 3476,821 3328,821 3326,823 3178,823 3177,824 3176,824 3175,825 3128,825 3127,826 3124,826 3123,825 3122,825 3121,824 3119,824 3118,823 2992,822 2991,823 2969,823 2968,824 2891,824 2890,825 2889,825 2888,824 2886,824 2885,823 2809,823 2808,823 2808,835 2808,836 2745,836 2744,837 2743,837 2742,838 2741,838 2740,839 2738,839 2737,840 2735,840 2734,839 2734,838 2733,837 2733,822 2733,822 2642,822 2641,823 2583,823 2582,824 2581,823 2580,824 2579,824 2578,825 2571,825 2570,824 2460,824 2434,824 2433,825 2432,824 2365,824 2364,823 2280,823 2279,823 2279,828 2279,829 2278,828 2278,823 2278,823 2161,823 2160,824 2158,824 2157,825 2108,824 2107,825 2107,847 2106,848 2105,848 2104,849 2102,849 2101,850 2098,850 2097,851"/>
        <TextEquiv index="0">
          <Unicode>Imperial. civitatum, in immutanda religio-</Unicode>
        </TextEquiv>
        <TextEquiv index="1">
          <Unicode>Imperial. civitatum, in immutanda religio-</Unicode>
        </TextEquiv>
      </TextLine>
      <TextLine id="l57">
        <Coords points="1940,853 3704,856 3704,967 1940,964"/>
        <TextEquiv index="0">
          <Unicode>ne, in fine, und Joha&#58844; Breuning de Homag.</Unicode>
        </TextEquiv>
        <TextEquiv index="1">
          <Unicode>ne, in fine, und Johan Breuning de Homag.</Unicode>
        </TextEquiv>
      </TextLine>
      <TextLine id="l58">
        <Coords points="2052,1073 2050,1071 2050,1043 2049,1042 1977,1042 1974,1039 1973,1039 1973,1039 1973,1038 1972,1037 1971,1037 1968,1034 1968,1032 1967,1031 1967,1029 1966,1028 1966,1027 1965,1026 1965,1016 1966,1015 1966,1012 1967,1011 1967,1010 1969,1008 1969,1007 1970,1006 1970,1004 1971,1003 1971,1002 1972,1001 1973,1001 1977,997 1979,997 1981,995 1983,995 1984,994 1990,994 1991,993 2022,993 2022,993 2022,992 2023,991 2028,991 2028,991 2028,989 2029,988 2030,988 2031,987 2032,987 2034,989 2063,989 2064,990 2090,990 2091,991 2217,992 2217,991 2217,990 2219,989 2227,989 2228,990 2228,991 2230,993 2345,993 2346,992 2347,992 2348,993 2354,993 2355,994 2380,994 2381,995 2383,995 2385,997 2386,997 2387,999 2387,1000 2388,1000 2560,1000 2561,999 2636,1000 2636,999 2636,975 2640,971 2640,970 2642,968 2642,966 2643,966 2645,966 2646,965 2696,965 2696,965 2696,966 2697,967 2698,967 2699,968 2701,968 2703,970 2703,971 2706,974 2706,976 2707,977 2879,977 2883,973 2934,973 2934,973 2934,972 2935,971 2938,971 2940,969 2941,969 2942,968 2945,968 2946,967 2952,967 2953,968 2956,968 2957,970 2957,971 2959,973 2959,975 2960,976 2960,980 2961,980 3056,981 3056,980 3056,978 3057,977 3057,976 3058,975 3058,972 3061,970 3092,970 3093,969 3098,969 3099,968 3104,968 3105,969 3105,970 3109,974 3115,974 3116,975 3116,976 3117,977 3117,986 3118,987 3153,987 3154,988 3156,988 3156,988 3156,989 3157,990 3175,990 3176,991 3271,991 3271,991 3271,990 3273,988 3304,988 3304,988 3304,980 3306,978 3309,978 3310,977 3310,976 3312,974 3312,973 3314,971 3315,971 3316,970 3318,970 3319,969 3324,969 3325,968 3329,968 3329,969 3329,970 3330,971 3330,984 3331,984 3411,984 3412,985 3413,985 3414,986 3518,987 3519,986 3520,986 3520,985 3520,984 3521,983 3521,981 3523,979 3523,978 3524,978 3525,978 3526,976 3526,974 3530,971 3532,971 3534,969 3540,969 3541,968 3546,968 3547,969 3548,969 3549,970 3549,972 3551,974 3554,974 3558,978 3606,978 3606,978 3606,986 3607,987 3632,987 3633,988 3633,989 3635,991 3635,992 3636,993 3636,1008 3636,1009 3635,1009 3634,1009 3634,1033 3633,1034 3630,1034 3630,1034 3630,1036 3628,1038 3622,1038 3622,1038 3622,1040 3620,1042 3618,1042 3616,1044 3616,1045 3615,1046 3610,1046 3609,1047 3609,1048 3608,1049 3528,1049 3528,1049 3528,1050 3527,1051 3527,1058 3526,1059 3526,1060 3525,1061 3525,1062 3524,1063 3524,1065 3523,1066 3522,1066 3519,1069 3517,1069 3516,1068 3516,1067 3516,1066 3515,1065 3515,1064 3514,1063 3514,1051 3513,1051 3408,1050 3407,1052 3407,1053 3406,1054 3406,1055 3405,1056 3405,1057 3404,1058 3404,1060 3403,1061 3403,1063 3399,1067 3399,1069 3397,1070 3390,1070 3390,1070 3390,1069 3389,1068 3389,1054 3388,1053 3322,1053 3320,1051 3261,1051 3260,1050 3105,1050 3105,1050 3105,1051 3103,1053 3085,1053 3084,1054 3084,1064 3083,1065 3083,1068 3080,1071 3078,1071 3077,1070 3076,1070 3075,1069 3074,1069 3074,1068 3074,1066 3073,1065 3073,1053 3072,1053 2940,1052 2940,1053 2940,1066 2936,1069 2933,1069 2932,1070 2929,1070 2928,1069 2928,1068 2927,1067 2927,1054 2926,1053 2871,1053 2869,1051 2746,1051 2745,1052 2703,1052 2701,1054 2700,1054 2699,1055 2668,1055 2666,1057 2665,1057 2664,1058 2660,1058 2658,1056 2527,1055 2527,1056 2527,1057 2526,1058 2526,1061 2525,1062 2525,1063 2524,1063 2523,1063 2522,1065 2522,1066 2520,1068 2520,1071 2519,1071 2514,1071 2513,1070 2512,1070 2511,1069 2467,1069 2465,1067 2465,1049 2463,1047 2439,1047 2437,1045 2437,1044 2436,1043 2301,1043 2300,1044 2299,1044 2298,1043 2277,1043 2275,1041 2257,1041 2256,1040 2170,1040 2170,1040 2170,1059 2169,1060 2169,1061 2167,1063 2166,1063 2165,1062 2161,1062 2160,1060 2160,1059 2159,1058 2159,1042 2158,1042 2078,1041 2078,1042 2078,1071 2076,1072 2074,1072 2073,1073"/>
        <TextEquiv index="0">
          <Unicode>cap. 4. num. 432. Und die&#383;es i&#383;t was bey er&#383;ter</Unicode>
        </TextEquiv>
        <TextEquiv index="1">
          <Unicode>cap. 4. num. 432. Und die&#383;es i&#383;t was bey er&#383;ter</Unicode>
        </TextEquiv>
      </TextLine>
      <TextLine id="l59">
        <Coords points="3014,1188 3013,1187 3011,1187 3008,1184 2905,1184 2904,1183 2904,1182 2903,1181 2903,1159 2902,1158 2724,1158 2723,1159 2722,1159 2720,1161 2691,1161 2690,1162 2667,1162 2667,1162 2667,1172 2666,1173 2666,1174 2665,1175 2665,1176 2664,1177 2663,1177 2661,1179 2660,1179 2659,1178 2658,1178 2656,1175 2656,1172 2655,1171 2655,1161 2654,1161 2527,1160 2527,1161 2527,1162 2526,1163 2526,1164 2525,1165 2525,1166 2522,1169 2522,1170 2520,1172 2520,1173 2518,1174 2515,1174 2515,1175 2515,1176 2513,1177 2511,1177 2510,1178 2507,1178 2504,1181 2502,1181 2501,1180 2498,1180 2497,1179 2495,1179 2493,1177 2492,1177 2491,1176 2489,1176 2486,1173 2485,1173 2485,1173 2485,1171 2484,1170 2484,1168 2483,1167 2483,1160 2482,1159 2303,1159 2303,1159 2303,1162 2300,1165 2300,1167 2296,1171 2296,1172 2295,1173 2295,1174 2294,1175 2293,1175 2292,1176 2287,1176 2286,1177 2284,1177 2283,1178 2279,1178 2278,1177 2270,1177 2268,1175 2223,1175 2221,1172 2221,1158 2220,1158 2098,1157 2097,1158 2069,1158 2068,1159 2030,1159 2030,1160 2030,1161 2028,1162 2027,1162 2024,1165 2011,1165 2011,1166 2011,1175 2010,1175 2007,1172 2003,1172 2003,1172 2003,1171 2002,1170 2002,1167 2001,1166 2001,1158 2000,1157 1974,1157 1968,1151 1966,1151 1966,1151 1966,1147 1965,1146 1965,1113 1964,1112 1941,1112 1941,1112 1941,1111 1941,1110 1984,1110 1985,1110 1985,1095 1986,1094 1986,1093 1988,1091 1988,1090 1989,1089 1989,1088 1989,1087 1990,1087 1991,1086 1992,1086 1993,1086 1993,1085 1996,1082 1996,1081 1996,1080 1997,1080 1999,1078 2002,1078 2003,1077 2008,1077 2009,1078 2010,1078 2012,1080 2012,1088 2012,1088 2027,1088 2028,1089 2029,1089 2030,1090 2031,1090 2032,1091 2033,1091 2036,1094 2036,1095 2036,1095 2152,1096 2153,1095 2223,1095 2225,1093 2225,1092 2226,1091 2226,1090 2227,1089 2227,1088 2228,1087 2228,1086 2229,1085 2229,1084 2229,1084 2230,1084 2232,1082 2232,1081 2232,1081 2233,1081 2234,1080 2235,1080 2237,1078 2238,1078 2240,1076 2244,1076 2245,1075 2246,1075 2247,1076 2249,1076 2251,1078 2360,1078 2361,1079 2366,1079 2368,1081 2368,1099 2368,1099 2397,1099 2398,1100 2546,1100 2547,1100 2547,1097 2548,1096 2548,1093 2549,1091 2551,1091 2552,1090 2553,1090 2554,1089 2653,1090 2655,1088 2655,1087 2656,1086 2656,1085 2659,1082 2663,1082 2664,1081 2771,1081 2772,1080 2773,1080 2774,1079 2775,1079 2776,1078 2776,1076 2776,1076 2778,1076 2779,1076 2779,1077 2779,1078 2794,1078 2795,1079 2842,1079 2845,1082 2845,1107 2845,1107 3025,1107 3026,1106 3041,1107 3042,1106 3065,1106 3067,1104 3067,1101 3068,1100 3069,1100 3069,1103 3069,1104 3086,1104 3087,1105 3188,1105 3189,1104 3189,1080 3191,1078 3192,1078 3194,1076 3194,1074 3194,1074 3198,1074 3199,1073 3201,1073 3202,1073 3202,1074 3204,1076 3204,1077 3205,1078 3205,1081 3205,1082 3251,1082 3255,1085 3255,1101 3255,1102 3356,1102 3358,1100 3456,1100 3457,1099 3481,1099 3482,1099 3482,1074 3482,1073 3483,1074 3483,1088 3483,1088 3522,1089 3524,1087 3524,1086 3524,1086 3529,1086 3530,1085 3530,1084 3530,1084 3531,1084 3532,1084 3532,1087 3536,1092 3538,1092 3540,1094 3606,1094 3607,1093 3607,1078 3607,1078 3609,1079 3609,1093 3610,1095 3630,1095 3632,1096 3632,1097 3633,1098 3633,1144 3630,1147 3630,1149 3627,1152 3626,1152 3625,1153 3624,1153 3623,1154 3615,1154 3615,1154 3615,1155 3612,1158 3611,1158 3610,1159 3608,1159 3607,1160 3584,1160 3584,1160 3584,1187 3582,1189 3581,1187 3581,1160 3580,1160 3484,1159 3482,1161 3415,1161 3414,1160 3370,1160 3368,1158 3368,1157 3367,1156 3273,1156 3272,1155 3155,1155 3155,1155 3155,1178 3151,1182 3149,1182 3148,1183 3147,1183 3146,1184 3144,1184 3143,1185 3038,1184 3038,1185 3038,1186 3037,1186 3035,1186 3034,1187 3029,1187 3028,1188"/>
        <TextEquiv index="0">
          <Unicode>Herau&#223;gebung die&#383;er Topographi&#230; von der</Unicode>
        </TextEquiv>
        <TextEquiv index="1">
          <Unicode>Herau&#223;gebung die&#383;er Topographi&#230; von der</Unicode>
        </TextEquiv>
      </TextLine>
      <TextLine id="l60">
        <Coords points="2974,1295 2972,1293 2601,1293 2600,1292 2594,1292 2593,1291 2592,1291 2590,1289 2590,1288 2590,1288 2503,1287 2501,1286 2501,1276 2501,1275 2001,1274 2000,1273 1995,1273 1994,1272 1992,1272 1990,1270 1989,1270 1988,1269 1985,1269 1982,1266 1981,1266 1978,1263 1977,1263 1975,1261 1974,1261 1972,1260 1972,1258 1969,1255 1969,1253 1967,1251 1967,1250 1964,1247 1964,1246 1964,1245 1963,1245 1963,1245 1963,1244 1962,1243 1962,1238 1961,1237 1961,1225 1962,1224 1962,1220 1963,1219 1963,1218 1964,1217 1964,1215 1965,1214 1965,1212 1968,1209 1968,1207 1969,1206 1969,1205 1977,1196 1978,1196 1979,1195 1980,1195 1981,1194 1982,1194 1984,1193 1984,1192 1984,1191 1988,1191 1989,1190 1990,1190 1993,1187 2001,1187 2002,1186 2404,1187 2405,1188 2529,1188 2530,1189 2770,1190 2771,1191 2772,1191 2773,1192 2921,1192 2922,1193 2924,1193 2927,1196 3215,1197 3217,1198 3217,1200 3221,1205 3222,1205 3223,1206 3382,1206 3383,1207 3383,1208 3383,1208 3558,1209 3560,1210 3560,1211 3559,1212 3365,1211 3365,1212 3365,1223 3363,1224 3349,1224 3349,1225 3348,1261 3346,1263 3346,1264 3346,1264 3345,1264 3344,1265 3341,1265 3340,1266 3323,1266 3321,1268 3321,1269 3320,1270 3320,1271 3319,1272 3318,1272 3317,1273 3306,1273 3305,1274 3305,1294 3305,1294 2988,1293 2987,1294 2979,1294 2978,1295"/>
        <TextEquiv index="0">
          <Unicode>Stadt und Bi&#383;tthumb ge&#383;agt worden.</Unicode>
        </TextEquiv>
        <TextEquiv index="1">
          <Unicode>Stadt und Bi&#383;tthumb ge&#383;agt worden.</Unicode>
        </TextEquiv>
      </TextLine>
      <TextLine id="l61">
        <Coords points="3459,1406 3458,1405 3457,1405 3454,1403 3454,1402 3453,1401 3453,1386 3453,1385 3372,1385 3371,1384 3139,1384 3138,1384 3138,1394 3136,1396 3136,1398 3135,1399 3135,1400 3135,1401 3132,1401 3130,1402 3130,1403 3130,1404 3122,1404 3120,1402 3118,1402 3117,1401 3116,1401 3115,1400 3115,1398 3114,1397 3114,1387 3114,1387 3037,1386 3036,1385 3035,1385 3034,1384 2822,1384 2821,1385 2821,1392 2817,1396 2816,1396 2815,1397 2814,1397 2812,1399 2803,1399 2802,1400 2795,1400 2794,1399 2793,1399 2792,1398 2628,1398 2627,1397 2626,1397 2622,1393 2622,1392 2621,1391 2621,1382 2621,1382 2552,1381 2550,1379 2168,1379 2167,1380 2166,1380 2165,1381 2164,1381 2163,1382 2162,1382 2161,1383 2111,1382 2108,1380 2108,1379 2106,1376 2105,1376 2103,1375 2103,1374 2101,1371 2099,1371 2095,1367 2083,1367 2082,1366 2078,1366 2077,1366 2077,1339 2077,1338 2076,1338 2075,1337 2074,1337 2073,1337 2073,1336 2072,1335 2072,1334 2072,1333 2071,1333 2067,1329 1939,1329 1938,1329 1938,1303 1939,1302 2077,1302 2077,1302 2077,1300 2078,1299 2079,1299 2080,1298 2084,1298 2085,1297 2086,1297 2088,1295 2091,1295 2092,1294 2121,1294 2121,1294 2121,1293 2122,1292 2171,1293 2172,1294 2173,1294 2174,1295 2178,1295 2180,1297 2183,1297 2185,1299 2186,1299 2188,1301 2188,1302 2189,1303 2189,1304 2190,1305 2190,1309 2191,1310 2192,1310 2194,1312 2194,1316 2196,1318 2386,1318 2387,1317 2409,1317 2409,1317 2409,1308 2415,1302 2417,1302 2419,1300 2420,1300 2421,1299 2422,1299 2424,1297 2428,1297 2429,1298 2431,1298 2433,1300 2693,1301 2694,1300 2696,1300 2697,1299 2698,1299 2699,1300 2700,1300 2702,1302 2705,1302 2706,1303 2805,1303 2806,1304 2809,1304 2810,1305 2811,1305 2813,1308 2813,1321 2814,1321 2873,1321 2874,1322 2875,1322 2877,1324 3080,1325 3082,1323 3094,1323 3094,1322 3094,1312 3095,1312 3097,1312 3098,1311 3101,1311 3104,1307 3104,1306 3106,1305 3109,1305 3111,1303 3113,1303 3114,1302 3242,1302 3242,1301 3242,1298 3243,1298 3468,1298 3469,1299 3472,1299 3475,1302 3477,1302 3478,1304 3478,1314 3479,1314 3621,1315 3622,1316 3624,1316 3624,1316 3624,1317 3627,1320 3628,1320 3634,1326 3634,1327 3638,1331 3638,1352 3639,1353 3639,1357 3638,1358 3638,1360 3637,1361 3637,1364 3636,1365 3636,1369 3633,1373 3630,1373 3629,1374 3628,1374 3627,1375 3626,1375 3624,1377 3621,1377 3620,1378 3619,1378 3618,1378 3618,1379 3618,1380 3617,1380 3614,1383 3613,1383 3612,1384 3481,1383 3480,1384 3480,1403 3478,1405 3473,1405 3472,1406"/>
        <TextEquiv index="0">
          <Unicode>Wann aber ich &#383;eithero noch ein mehrers</Unicode>
        </TextEquiv>
        <TextEquiv index="1">
          <Unicode>Wann aber ich &#383;eithero noch ein mehrers</Unicode>
        </TextEquiv>
      </TextLine>
      <TextLine id="l62">
        <Coords points="3576,1515 3576,1498 3575,1498 3543,1498 3543,1498 3543,1499 3542,1500 3540,1500 3539,1498 3539,1496 3538,1496 3248,1495 3247,1496 3246,1496 3245,1497 3244,1497 3243,1498 3242,1498 3241,1499 3240,1499 3239,1500 3237,1500 3236,1501 3232,1501 3231,1502 3230,1502 3229,1503 3227,1503 3226,1504 3214,1504 3213,1503 3208,1503 3207,1502 3198,1502 3197,1501 3196,1501 3194,1499 3193,1499 3192,1498 3191,1498 3190,1497 3187,1497 3186,1496 3185,1496 3183,1494 3055,1494 3055,1494 3055,1503 3054,1504 3054,1508 3051,1511 3049,1511 3048,1512 3047,1512 3046,1511 3045,1511 3044,1510 3043,1510 3042,1509 3041,1509 3039,1506 3039,1502 3038,1501 3038,1496 3037,1495 3025,1495 3023,1493 2970,1493 2969,1492 2821,1492 2821,1493 2821,1503 2820,1503 2819,1503 2818,1504 2815,1504 2813,1506 2735,1506 2733,1503 2733,1491 2732,1491 2497,1490 2495,1493 2495,1494 2493,1496 2493,1497 2492,1498 2492,1499 2491,1500 2491,1502 2489,1504 2489,1505 2488,1506 2488,1507 2487,1507 2486,1507 2485,1508 2483,1508 2482,1509 2477,1509 2477,1509 2477,1508 2476,1507 2476,1491 2475,1490 2309,1490 2307,1492 2304,1492 2303,1493 2229,1493 2229,1493 2229,1508 2228,1509 2226,1509 2224,1511 2209,1511 2208,1512 2120,1511 2119,1510 2118,1510 2116,1508 2116,1492 2115,1491 2023,1491 2022,1490 1976,1490 1973,1487 1973,1486 1972,1485 1971,1485 1970,1484 1969,1484 1968,1483 1965,1483 1964,1482 1962,1482 1961,1481 1961,1449 1961,1448 1960,1448 1958,1447 1958,1446 1959,1445 1959,1442 1960,1441 1960,1439 1961,1438 1961,1437 1963,1435 1963,1434 1968,1429 2024,1429 2024,1429 2024,1424 2025,1423 2121,1423 2121,1423 2121,1419 2124,1416 2124,1415 2126,1414 2127,1414 2129,1411 2129,1410 2130,1410 2131,1410 2132,1409 2134,1409 2136,1407 2146,1407 2147,1406 2148,1406 2150,1404 2151,1404 2151,1403 2151,1402 2152,1402 2153,1403 2153,1405 2155,1407 2157,1407 2158,1408 2159,1408 2160,1409 2161,1409 2162,1410 2221,1410 2225,1414 2225,1416 2226,1417 2396,1417 2404,1409 2407,1409 2408,1408 2409,1408 2411,1406 2412,1406 2413,1407 2417,1407 2417,1408 2417,1410 2418,1411 2418,1422 2419,1422 2498,1422 2499,1424 2499,1425 2502,1427 2642,1428 2643,1426 2643,1425 2645,1424 2731,1424 2733,1421 2733,1418 2734,1417 2734,1416 2738,1413 2741,1413 2742,1412 2743,1412 2744,1413 2749,1413 2750,1414 2953,1414 2955,1412 3041,1413 3042,1414 3042,1417 3044,1419 3044,1431 3045,1432 3170,1432 3171,1431 3172,1431 3172,1430 3172,1428 3174,1426 3174,1424 3178,1421 3179,1421 3180,1420 3182,1420 3184,1418 3185,1418 3186,1417 3187,1417 3191,1413 3196,1413 3197,1412 3198,1412 3198,1411 3198,1410 3199,1410 3201,1408 3202,1408 3203,1407 3204,1407 3205,1408 3220,1408 3221,1409 3222,1409 3223,1410 3231,1410 3232,1411 3233,1411 3234,1412 3236,1412 3237,1413 3380,1413 3382,1411 3388,1411 3389,1413 3389,1425 3390,1425 3623,1426 3623,1425 3623,1424 3627,1421 3630,1421 3631,1420 3636,1420 3637,1421 3637,1425 3638,1426 3638,1427 3637,1428 3637,1434 3635,1436 3635,1438 3629,1444 3629,1445 3626,1448 3626,1449 3625,1450 3625,1452 3624,1453 3624,1457 3623,1458 3623,1460 3622,1461 3622,1462 3620,1464 3620,1467 3617,1470 3617,1472 3615,1474 3615,1476 3614,1477 3614,1479 3613,1480 3613,1482 3611,1484 3611,1485 3610,1486 3610,1487 3609,1488 3609,1490 3607,1492 3607,1495 3606,1496 3606,1497 3605,1498 3577,1498 3577,1498 3577,1515 3576,1516"/>
        <TextEquiv index="0">
          <Unicode>von Ihr / bey unter&#383;chiedlichen Scribenten /</Unicode>
        </TextEquiv>
        <TextEquiv index="1">
          <Unicode>von Ihr / bey unter&#383;chiedlichen Scribenten /</Unicode>
        </TextEquiv>
      </TextLine>
      <TextLine id="l63">
        <Coords points="3020,1626 3019,1625 3017,1625 3016,1624 3014,1624 3009,1619 3009,1618 3007,1616 3007,1596 3006,1595 2885,1595 2884,1597 2884,1598 2883,1598 2882,1598 2881,1599 2851,1599 2850,1600 2849,1600 2848,1602 2848,1603 2846,1604 2845,1604 2842,1607 2832,1607 2832,1608 2832,1618 2831,1618 2829,1618 2828,1619 2742,1619 2739,1622 2736,1622 2734,1619 2734,1601 2733,1601 2707,1601 2629,1601 2628,1602 2577,1601 2575,1603 2573,1603 2571,1601 2456,1601 2456,1602 2456,1615 2453,1617 2452,1617 2451,1618 2450,1618 2448,1620 2438,1620 2437,1621 2434,1621 2433,1620 2432,1620 2430,1618 2430,1616 2429,1615 2429,1600 2428,1599 2427,1599 2426,1598 2323,1598 2322,1599 2293,1599 2292,1600 2206,1600 2205,1601 2205,1605 2204,1606 2204,1613 2203,1614 2203,1616 2202,1617 2199,1617 2198,1618 2197,1618 2195,1615 2195,1602 2194,1602 2075,1601 2074,1603 2074,1604 2073,1604 2071,1604 2070,1603 2069,1603 2068,1602 1987,1602 1985,1600 1963,1600 1960,1597 1960,1595 1959,1594 1957,1594 1955,1592 1954,1592 1954,1592 1954,1589 1955,1588 1955,1556 1956,1555 1956,1552 1958,1549 1959,1549 1961,1548 1961,1547 1962,1546 1962,1545 1963,1543 1991,1543 1992,1542 2012,1542 2013,1541 2015,1541 2016,1540 2056,1540 2057,1540 2057,1536 2059,1533 2060,1533 2063,1530 2130,1531 2131,1530 2131,1529 2132,1528 2198,1528 2199,1527 2199,1526 2200,1525 2201,1525 2203,1523 2203,1522 2203,1522 2204,1522 2205,1521 2209,1521 2211,1519 2218,1519 2219,1518 2223,1518 2224,1518 2224,1519 2225,1520 2225,1521 2226,1523 2318,1523 2321,1526 2425,1526 2426,1525 2430,1525 2432,1524 2432,1523 2433,1521 2434,1521 2435,1520 2442,1520 2443,1519 2445,1519 2446,1520 2447,1520 2448,1521 2587,1522 2588,1523 2747,1523 2749,1521 2750,1521 2752,1519 2755,1519 2756,1518 2757,1518 2759,1516 2823,1516 2824,1517 2826,1517 2829,1520 2829,1530 2829,1530 2940,1530 2941,1530 2941,1520 2942,1518 2950,1518 2951,1518 2951,1516 2951,1515 2952,1515 2953,1516 2953,1518 2953,1518 2966,1518 2967,1519 2985,1519 2986,1520 2990,1520 2991,1521 2992,1521 2994,1523 3110,1524 3113,1521 3115,1521 3116,1520 3119,1520 3120,1520 3120,1521 3120,1522 3123,1522 3124,1522 3124,1523 3124,1524 3233,1524 3234,1523 3238,1523 3239,1522 3242,1522 3243,1521 3244,1522 3339,1522 3340,1523 3340,1524 3341,1525 3341,1546 3341,1546 3450,1546 3451,1546 3451,1530 3452,1529 3452,1528 3454,1525 3487,1525 3489,1527 3539,1528 3541,1529 3541,1532 3542,1534 3543,1534 3545,1536 3546,1536 3547,1537 3548,1537 3549,1538 3550,1538 3551,1539 3617,1539 3619,1541 3621,1541 3622,1542 3623,1542 3624,1543 3632,1543 3634,1544 3634,1547 3635,1548 3635,1554 3634,1555 3634,1590 3633,1591 3632,1591 3631,1592 3630,1592 3626,1596 3626,1597 3624,1599 3623,1599 3622,1600 3621,1600 3619,1602 3618,1602 3617,1603 3612,1603 3612,1603 3612,1604 3611,1605 3522,1605 3521,1606 3520,1606 3519,1607 3519,1608 3516,1611 3513,1611 3510,1614 3509,1614 3508,1615 3507,1615 3506,1616 3505,1615 3504,1615 3503,1614 3503,1613 3503,1612 3502,1611 3502,1598 3501,1598 3382,1597 3381,1598 3379,1598 3378,1599 3375,1599 3374,1600 3370,1600 3369,1601 3295,1601 3294,1600 3292,1600 3291,1599 3290,1599 3289,1598 3240,1598 3239,1597 3235,1597 3234,1596 3172,1596 3172,1596 3172,1611 3171,1612 3171,1611 3171,1610 3170,1610 3167,1610 3167,1609 3167,1597 3166,1597 3055,1597 3055,1597 3055,1609 3052,1612 3052,1613 3050,1615 3050,1616 3049,1617 3049,1618 3048,1619 3047,1619 3042,1624 3037,1623 3037,1624 3037,1625 3036,1625 3022,1625 3021,1626"/>
        <TextEquiv index="0">
          <Unicode>und in&#383;onderheit in de&#223; H. &#198;gidii Gelenii, der</Unicode>
        </TextEquiv>
        <TextEquiv index="1">
          <Unicode>und in&#383;onderheit in de&#223; H. /gidii Gelenii, der</Unicode>
        </TextEquiv>
      </TextLine>
      <TextLine id="l64">
        <Coords points="3597,1737 3596,1736 3596,1707 3596,1707 3592,1707 3591,1707 3591,1724 3591,1725 3590,1724 3590,1707 3590,1707 3544,1707 3543,1708 3539,1708 3538,1709 3485,1708 3484,1709 3406,1709 3405,1710 3403,1710 3402,1711 3359,1711 3358,1712 3357,1712 3356,1713 3355,1713 3353,1715 3353,1716 3353,1716 3309,1716 3306,1719 3306,1720 3304,1722 3304,1723 3303,1724 3303,1725 3303,1725 3301,1725 3299,1727 3294,1727 3293,1726 3292,1726 3290,1725 3290,1724 3288,1722 3288,1720 3287,1719 3287,1708 3287,1707 3225,1707 3224,1706 3190,1706 3189,1705 3188,1705 3187,1704 3096,1704 3095,1705 3091,1705 3090,1704 3089,1704 3088,1703 3010,1702 3008,1704 3005,1704 3005,1705 3004,1706 3004,1706 2935,1706 2934,1705 2930,1705 2929,1704 2854,1704 2854,1705 2853,1706 2851,1708 2851,1713 2850,1714 2849,1714 2848,1715 2846,1715 2843,1712 2816,1712 2815,1711 2792,1711 2791,1710 2709,1710 2707,1712 2706,1711 2705,1711 2704,1710 2609,1710 2607,1712 2461,1711 2460,1712 2458,1712 2457,1713 2455,1711 2454,1711 2453,1710 2449,1710 2448,1709 2369,1709 2367,1711 2367,1714 2366,1715 2366,1718 2365,1719 2365,1725 2364,1726 2363,1726 2361,1728 2335,1728 2333,1726 2333,1724 2332,1723 2332,1710 2332,1710 2253,1710 2252,1710 2252,1723 2248,1728 2247,1728 2246,1729 2244,1729 2243,1730 2242,1729 2241,1729 2239,1727 2239,1726 2236,1723 2236,1713 2236,1713 2156,1713 2155,1714 2140,1714 2139,1715 2136,1715 2135,1714 2131,1714 2130,1713 2116,1712 2115,1711 2112,1711 2111,1710 2107,1710 2106,1709 2022,1709 2021,1710 2020,1710 2019,1711 2018,1711 2014,1715 2014,1716 2014,1716 2012,1716 2011,1717 2003,1717 2002,1718 2002,1724 2001,1725 2000,1725 1999,1726 1998,1726 1997,1725 1989,1725 1988,1725 1988,1721 1987,1720 1987,1710 1987,1709 1961,1709 1958,1706 1956,1706 1953,1703 1952,1703 1952,1703 1952,1700 1951,1699 1951,1697 1952,1696 1952,1695 1953,1694 1953,1693 1954,1691 1955,1691 1957,1689 1970,1689 1971,1689 1971,1651 1972,1649 1973,1649 1974,1649 1974,1647 1977,1643 1978,1643 1982,1640 1982,1639 1984,1637 1984,1636 1984,1635 1985,1635 1986,1634 1987,1634 1989,1632 1993,1632 1994,1631 1995,1631 1997,1633 1997,1641 1997,1641 2090,1641 2091,1640 2092,1640 2093,1639 2095,1638 2095,1637 2095,1636 2098,1636 2099,1635 2100,1635 2103,1632 2104,1632 2108,1628 2111,1628 2112,1627 2114,1627 2115,1626 2119,1626 2121,1624 2137,1625 2138,1626 2145,1626 2146,1627 2149,1627 2151,1629 2154,1629 2155,1630 2157,1630 2158,1631 2159,1631 2160,1632 2237,1632 2239,1634 2240,1634 2241,1635 2315,1635 2316,1634 2339,1634 2345,1628 2347,1628 2348,1627 2351,1627 2352,1627 2352,1626 2352,1625 2355,1625 2356,1625 2356,1623 2356,1622 2357,1622 2359,1624 2388,1624 2389,1625 2466,1625 2467,1626 2467,1627 2469,1629 2469,1632 2469,1632 2498,1632 2499,1633 2501,1633 2502,1634 2502,1649 2502,1649 2578,1649 2580,1647 2631,1648 2632,1647 2632,1646 2633,1645 2636,1645 2638,1643 2664,1643 2665,1642 2665,1636 2666,1635 2666,1634 2667,1633 2667,1632 2668,1631 2670,1631 2673,1633 2673,1649 2673,1650 2727,1650 2728,1649 2728,1648 2729,1647 2729,1646 2730,1645 2731,1645 2732,1644 2733,1644 2734,1643 2740,1643 2743,1645 2743,1646 2744,1647 2744,1648 2744,1649 2774,1649 2776,1651 2869,1651 2870,1651 2870,1650 2872,1648 2872,1647 2873,1646 2873,1645 2874,1644 2874,1643 2876,1640 2911,1640 2912,1639 2913,1639 2915,1637 2916,1637 2917,1636 2918,1636 2919,1635 2923,1635 2927,1631 2928,1631 2929,1630 2936,1630 2937,1629 2941,1629 2942,1630 2952,1630 2953,1631 2956,1631 2958,1633 2977,1633 2978,1634 2978,1635 2979,1636 2979,1637 2980,1638 2980,1658 2980,1658 3023,1658 3024,1657 3026,1657 3027,1656 3045,1657 3046,1656 3049,1656 3050,1655 3051,1655 3052,1656 3053,1656 3054,1657 3128,1657 3129,1656 3132,1656 3134,1654 3134,1653 3134,1653 3135,1654 3179,1654 3180,1653 3180,1641 3181,1640 3181,1639 3182,1638 3183,1638 3184,1637 3219,1637 3220,1636 3220,1630 3221,1629 3222,1629 3223,1629 3223,1630 3224,1632 3256,1632 3257,1632 3257,1635 3258,1636 3258,1637 3259,1638 3259,1656 3259,1657 3289,1657 3293,1654 3293,1653 3293,1652 3294,1652 3295,1651 3297,1651 3298,1652 3298,1653 3298,1653 3370,1653 3371,1653 3371,1644 3372,1642 3388,1642 3389,1642 3389,1641 3393,1636 3397,1636 3398,1636 3398,1630 3398,1629 3399,1630 3399,1633 3399,1633 3416,1633 3419,1636 3421,1636 3424,1639 3424,1640 3425,1641 3425,1672 3425,1672 3492,1672 3493,1672 3493,1669 3495,1667 3495,1663 3496,1662 3496,1660 3497,1659 3497,1658 3498,1657 3498,1656 3500,1654 3500,1650 3501,1649 3501,1646 3502,1645 3502,1643 3503,1642 3503,1641 3504,1640 3504,1639 3507,1636 3511,1636 3512,1635 3514,1635 3515,1636 3517,1636 3518,1636 3518,1637 3519,1638 3519,1646 3520,1647 3520,1648 3521,1649 3521,1655 3523,1658 3601,1658 3604,1655 3604,1654 3605,1653 3606,1653 3607,1653 3607,1654 3608,1655 3608,1678 3608,1679 3609,1678 3609,1649 3609,1649 3610,1649 3610,1678 3610,1679 3630,1679 3633,1681 3633,1685 3632,1686 3632,1690 3631,1691 3630,1691 3629,1692 3605,1692 3605,1692 3604,1736 3604,1737"/>
        <TextEquiv index="0">
          <Unicode>H. Schrifft Licentiaten / Canonici zu S. An-</Unicode>
        </TextEquiv>
        <TextEquiv index="1">
          <Unicode>H. Schrifft Licentiaten / Canonici zu S. An-</Unicode>
        </TextEquiv>
      </TextLine>
      <TextLine id="l65">
        <Coords points="3188,1848 3187,1847 3187,1842 3187,1842 3176,1842 3175,1841 3174,1841 3170,1837 3170,1835 3169,1834 3169,1825 3169,1825 3156,1825 3154,1823 3154,1822 3154,1822 3130,1822 3129,1821 3047,1821 3046,1821 3046,1823 3045,1824 3045,1828 3044,1829 3044,1833 3043,1834 3043,1835 3042,1837 3041,1837 3039,1838 3036,1838 3035,1837 2943,1837 2942,1838 2942,1839 2941,1840 2853,1840 2852,1839 2851,1839 2849,1838 2849,1826 2849,1825 2762,1825 2761,1825 2761,1832 2759,1835 2757,1835 2756,1834 2755,1834 2754,1833 2748,1833 2746,1831 2746,1826 2746,1826 2665,1826 2664,1827 2659,1827 2658,1826 2654,1826 2653,1825 2579,1824 2578,1825 2578,1832 2577,1833 2577,1834 2576,1835 2576,1836 2574,1838 2573,1838 2572,1839 2561,1839 2560,1838 2559,1838 2557,1837 2557,1833 2556,1832 2556,1822 2556,1821 2519,1821 2518,1820 2517,1820 2516,1819 2424,1819 2423,1820 2356,1820 2355,1821 2355,1825 2355,1825 2349,1825 2348,1824 2348,1821 2348,1821 2267,1821 2266,1821 2266,1836 2263,1840 2262,1840 2261,1841 2259,1841 2258,1842 2253,1842 2252,1843 2244,1843 2241,1840 2241,1839 2240,1838 2240,1822 2240,1822 2173,1822 2172,1821 2168,1821 2166,1819 2150,1819 2149,1818 2114,1817 2113,1816 2062,1816 2061,1815 2051,1815 2050,1814 1986,1814 1985,1813 1967,1813 1966,1812 1964,1812 1963,1811 1962,1811 1959,1808 1958,1808 1955,1806 1955,1805 1954,1804 1954,1801 1953,1800 1953,1799 1952,1798 1952,1796 1951,1795 1951,1794 1952,1793 1952,1784 1953,1783 1953,1782 1955,1780 1955,1779 1957,1777 1957,1776 1959,1774 1960,1774 1960,1774 1960,1773 1961,1772 1961,1771 1963,1769 1970,1769 1971,1768 1974,1768 1975,1767 1980,1767 1980,1767 1980,1738 1983,1735 1993,1735 1995,1738 1995,1762 1996,1762 2034,1762 2035,1764 2035,1765 2037,1766 2157,1767 2159,1765 2186,1765 2186,1764 2186,1750 2187,1749 2187,1748 2188,1748 2192,1748 2193,1747 2194,1747 2195,1746 2198,1746 2199,1745 2202,1745 2203,1744 2254,1744 2255,1743 2256,1743 2257,1742 2258,1742 2260,1744 2260,1747 2261,1748 2296,1748 2297,1749 2297,1750 2298,1751 2382,1751 2383,1753 2383,1757 2384,1757 2538,1757 2538,1757 2538,1752 2542,1748 2543,1748 2543,1748 2543,1747 2545,1745 2546,1745 2547,1744 2549,1744 2550,1743 2555,1743 2556,1742 2631,1743 2631,1742 2631,1741 2632,1741 2633,1741 2634,1740 2635,1740 2636,1739 2638,1739 2639,1738 2641,1738 2642,1737 2662,1737 2663,1736 2665,1736 2666,1735 2678,1735 2679,1736 2681,1736 2682,1737 2685,1737 2687,1739 2687,1740 2688,1741 2688,1757 2689,1758 2748,1758 2748,1757 2748,1756 2750,1755 2777,1755 2777,1754 2777,1750 2780,1748 2782,1748 2782,1747 2782,1745 2783,1744 2783,1743 2784,1743 2785,1743 2787,1741 2789,1741 2790,1740 2791,1740 2792,1739 2866,1739 2867,1738 2872,1738 2873,1737 2879,1737 2882,1740 2883,1740 2883,1741 2883,1742 2884,1742 2991,1742 2992,1741 3006,1741 3006,1741 3006,1737 3007,1736 3059,1737 3060,1736 3071,1736 3073,1738 3073,1739 3074,1740 3074,1741 3075,1742 3168,1742 3168,1741 3168,1735 3169,1735 3244,1735 3245,1734 3266,1734 3266,1733 3266,1732 3267,1731 3267,1729 3268,1729 3269,1729 3269,1730 3269,1732 3270,1733 3270,1734 3271,1734 3283,1734 3283,1735 3283,1736 3284,1736 3290,1736 3292,1738 3299,1738 3299,1739 3299,1740 3300,1741 3300,1742 3302,1743 3340,1743 3341,1744 3370,1744 3371,1745 3460,1745 3460,1745 3460,1744 3464,1740 3472,1740 3473,1739 3474,1739 3475,1740 3477,1740 3478,1741 3480,1741 3481,1742 3482,1742 3483,1743 3484,1743 3485,1744 3595,1745 3595,1744 3595,1740 3596,1739 3596,1737 3597,1737 3604,1737 3604,1737 3604,1742 3605,1743 3605,1747 3606,1748 3608,1748 3608,1748 3608,1759 3609,1760 3629,1760 3632,1763 3632,1764 3634,1766 3635,1766 3639,1770 3639,1806 3640,1807 3640,1813 3639,1814 3639,1815 3636,1818 3636,1819 3635,1820 3635,1821 3634,1823 3632,1823 3630,1825 3623,1825 3622,1824 3550,1824 3549,1824 3549,1835 3546,1838 3546,1839 3545,1841 3466,1840 3464,1842 3385,1842 3383,1841 3383,1830 3381,1828 3381,1826 3381,1825 3281,1825 3280,1826 3268,1826 3266,1824 3242,1824 3241,1824 3241,1847 3241,1848"/>
        <TextEquiv index="0">
          <Unicode>drea allhie / auch Ertzbi&#383;ch&#246;fflich&#11799;C&#246;lni&#383;chen</Unicode>
        </TextEquiv>
        <TextEquiv index="1">
          <Unicode>drea allhie / auch Ertzbi&#383;ch&#246;fflich&#11799;C&#246;lni&#383;chen</Unicode>
        </TextEquiv>
      </TextLine>
      <TextLine id="l66">
        <Coords points="2831,1960 2831,1934 2831,1933 2796,1933 2794,1934 2675,1934 2673,1935 2672,1935 2672,1935 2672,1937 2670,1939 2593,1939 2593,1939 2593,1946 2589,1950 2588,1950 2585,1953 2580,1953 2579,1953 2578,1953 2577,1954 2572,1954 2572,1954 2572,1953 2571,1952 2567,1952 2566,1951 2566,1950 2565,1949 2565,1934 2565,1933 2283,1933 2282,1933 2282,1943 2279,1946 2279,1947 2278,1948 2276,1948 2275,1949 2272,1949 2271,1948 2266,1948 2265,1946 2265,1945 2264,1944 2264,1942 2263,1941 2263,1936 2262,1936 2121,1935 2121,1936 2121,1944 2120,1945 2120,1952 2118,1953 2117,1953 2116,1954 2114,1954 2113,1953 2111,1953 2109,1951 2109,1945 2108,1944 2085,1944 2084,1943 2083,1943 2081,1941 2078,1941 2076,1939 2075,1939 2075,1939 2075,1938 2074,1937 1985,1937 1984,1936 1981,1936 1979,1934 1978,1934 1977,1933 1976,1933 1975,1931 1974,1931 1972,1930 1972,1929 1972,1928 1970,1928 1969,1927 1967,1927 1966,1926 1965,1926 1964,1926 1964,1925 1961,1922 1961,1921 1960,1920 1960,1919 1959,1918 1959,1917 1958,1916 1958,1915 1954,1911 1954,1907 1953,1906 1953,1901 1952,1900 1952,1897 1951,1896 1951,1883 1952,1882 1952,1878 1954,1876 1954,1870 1955,1869 1955,1868 1956,1867 1956,1866 1957,1865 1957,1864 1958,1863 1958,1860 1959,1859 1960,1859 1961,1858 1961,1857 1962,1856 1963,1856 1964,1855 1966,1855 1969,1852 1969,1850 1970,1849 1971,1849 1972,1848 1973,1848 1974,1847 1975,1847 1975,1847 1975,1846 1977,1844 1979,1844 1980,1843 1981,1843 1982,1842 1989,1842 1990,1841 1991,1841 1992,1842 1996,1842 1998,1844 2006,1844 2007,1846 2007,1847 2008,1847 2024,1847 2025,1848 2026,1848 2027,1849 2142,1850 2145,1853 2185,1853 2186,1854 2263,1854 2264,1855 2267,1855 2269,1857 2269,1869 2270,1870 2403,1870 2403,1870 2403,1865 2404,1864 2404,1863 2405,1862 2405,1861 2406,1860 2406,1859 2407,1858 2407,1856 2409,1854 2410,1854 2411,1853 2413,1853 2417,1849 2418,1849 2419,1848 2421,1848 2422,1847 2425,1847 2426,1846 2432,1846 2433,1847 2465,1847 2466,1848 2468,1848 2470,1850 2583,1851 2584,1852 2585,1852 2587,1854 2587,1862 2588,1863 2699,1863 2702,1866 2702,1871 2703,1872 2862,1872 2862,1872 2862,1868 2863,1867 2863,1864 2865,1862 2866,1862 2869,1859 2955,1859 2955,1859 2955,1849 2956,1848 2957,1848 2958,1849 3085,1850 3086,1851 3088,1851 3090,1853 3090,1854 3091,1855 3210,1855 3210,1855 3210,1856 3212,1858 3212,1859 3213,1860 3213,1862 3214,1863 3240,1863 3240,1862 3240,1848 3241,1848 3241,1848 3241,1862 3242,1863 3309,1863 3309,1863 3309,1851 3310,1850 3372,1850 3373,1849 3374,1849 3375,1848 3384,1848 3384,1848 3384,1846 3386,1844 3387,1844 3388,1846 3388,1849 3389,1849 3390,1849 3393,1852 3479,1852 3480,1853 3482,1853 3483,1854 3601,1855 3603,1857 3603,1876 3604,1877 3633,1877 3635,1879 3637,1879 3637,1879 3637,1885 3638,1886 3638,1896 3639,1897 3639,1898 3638,1899 3638,1909 3637,1910 3637,1911 3636,1913 3635,1913 3634,1914 3633,1914 3630,1917 3627,1917 3625,1919 3624,1919 3623,1920 3622,1920 3618,1924 3617,1924 3615,1926 3614,1926 3611,1928 3611,1953 3610,1954 3609,1953 3484,1952 3481,1949 3481,1948 3480,1947 3480,1939 3479,1938 3371,1938 3371,1939 3371,1955 3370,1955 3368,1955 3368,1955 3368,1938 3367,1937 3365,1937 3364,1936 3361,1936 3360,1934 3169,1934 3157,1934 3155,1935 3096,1935 3096,1935 3096,1940 3094,1942 3093,1942 3092,1943 3065,1943 3065,1943 3065,1945 3064,1946 3064,1951 3063,1952 3062,1952 3061,1953 3059,1953 3058,1954 3056,1954 3055,1953 2975,1952 2974,1951 2973,1951 2973,1951 2973,1948 2972,1947 2971,1947 2970,1946 2970,1942 2969,1941 2969,1934 2969,1933 2837,1933 2836,1934 2836,1959 2835,1959 2832,1959 2831,1960"/>
        <TextEquiv index="0">
          <Unicode>Gei&#383;tlichen Raths / und Hi&#383;torien&#11799;Schrei&#11799;</Unicode>
        </TextEquiv>
        <TextEquiv index="1">
          <Unicode>Gei&#383;tlichen Raths / und Hi&#383;torien&#11799;Schrei&#11799;</Unicode>
        </TextEquiv>
      </TextLine>
      <TextLine id="l67">
        <Coords points="3146,2069 3146,2045 3145,2045 3054,2045 3052,2047 3051,2047 3050,2046 2980,2045 2972,2037 2842,2037 2839,2040 2830,2040 2830,2041 2830,2052 2829,2053 2829,2055 2828,2056 2828,2062 2826,2063 2825,2063 2824,2064 2822,2064 2820,2062 2820,2060 2819,2059 2819,2045 2818,2044 2817,2044 2814,2044 2814,2045 2814,2069 2813,2069 2813,2069 2813,2045 2812,2044 2675,2044 2675,2044 2675,2045 2674,2046 2673,2047 2672,2047 2671,2048 2638,2048 2637,2049 2637,2050 2634,2053 2634,2054 2632,2056 2631,2056 2630,2057 2630,2058 2628,2060 2626,2060 2625,2061 2624,2061 2623,2062 2621,2062 2618,2059 2584,2059 2583,2058 2580,2058 2580,2057 2580,2056 2579,2055 2579,2038 2578,2037 2479,2037 2478,2038 2476,2038 2475,2039 2408,2039 2407,2040 2404,2040 2403,2041 2402,2041 2401,2040 2275,2040 2274,2041 2273,2041 2272,2042 2271,2041 2243,2041 2242,2039 2242,2037 2240,2036 2236,2036 2236,2035 2236,2034 2235,2034 2234,2034 2232,2032 2151,2032 2150,2033 2150,2034 2149,2035 2149,2036 2148,2037 2148,2039 2146,2041 2146,2045 2145,2046 2139,2046 2137,2044 2071,2043 2071,2043 2071,2042 2070,2041 2029,2041 2028,2040 2002,2040 2001,2039 1965,2039 1964,2038 1959,2038 1958,2037 1957,2037 1956,2036 1955,2036 1954,2035 1953,2035 1952,2034 1951,2034 1950,2033 1950,2032 1948,2030 1948,2028 1949,2027 1949,1976 1948,1975 1948,1972 1949,1970 1951,1970 1953,1969 1953,1968 1958,1962 1962,1962 1963,1961 1964,1961 1965,1960 1966,1960 1967,1959 1968,1959 1969,1960 1970,1960 1974,1964 1974,1978 1974,1978 2034,1978 2036,1980 2036,1981 2036,1981 2074,1981 2075,1981 2075,1966 2075,1965 2076,1966 2076,1981 2076,1981 2167,1982 2168,1981 2168,1979 2169,1978 2169,1977 2170,1976 2215,1976 2216,1975 2216,1974 2217,1973 2217,1971 2218,1970 2218,1969 2219,1968 2219,1967 2220,1966 2220,1965 2220,1965 2222,1965 2223,1964 2223,1963 2223,1963 2224,1963 2225,1962 2227,1962 2228,1961 2228,1960 2228,1960 2230,1960 2232,1958 2233,1958 2234,1957 2239,1957 2240,1956 2242,1956 2243,1957 2245,1957 2247,1959 2252,1959 2253,1960 2277,1960 2281,1963 2281,1980 2281,1981 2378,1981 2380,1983 2417,1983 2418,1984 2418,1986 2418,1986 2517,1986 2523,1980 2524,1980 2526,1978 2527,1978 2528,1977 2529,1977 2530,1977 2530,1976 2531,1974 2532,1974 2533,1973 2535,1973 2536,1972 2539,1972 2540,1971 2542,1971 2543,1972 2544,1972 2546,1974 2546,1987 2546,1987 2587,1988 2588,1989 2603,1989 2604,1988 2604,1965 2604,1965 2605,1965 2606,1965 2606,1988 2606,1989 2702,1989 2703,1988 2704,1988 2705,1987 2705,1986 2706,1985 2709,1985 2712,1982 2712,1981 2713,1980 2715,1980 2716,1979 2716,1971 2717,1970 2717,1967 2721,1963 2722,1963 2724,1964 2724,1965 2726,1967 2726,1981 2726,1982 2764,1982 2767,1984 2767,1985 2768,1986 2768,1988 2770,1990 2770,1991 2771,1993 2872,1993 2873,1993 2873,1992 2873,1991 2874,1991 2877,1988 2878,1988 2880,1986 2881,1987 2881,1988 2882,1989 2899,1989 2900,1990 2901,1990 2902,1991 2984,1991 2985,1991 2985,1990 2987,1987 2989,1987 2990,1986 2991,1986 2992,1985 2994,1985 2995,1984 2996,1984 2997,1983 3078,1984 3079,1983 3079,1975 3082,1972 3082,1971 3085,1968 3137,1968 3140,1965 3196,1965 3198,1963 3201,1963 3202,1962 3205,1962 3206,1961 3207,1961 3208,1960 3212,1960 3213,1959 3215,1959 3216,1960 3264,1960 3265,1960 3265,1965 3265,1966 3279,1966 3283,1970 3283,1971 3284,1972 3284,1973 3284,1973 3365,1973 3366,1973 3366,1972 3367,1970 3368,1970 3369,1970 3369,1958 3369,1957 3372,1957 3373,1956 3374,1957 3374,1958 3374,1958 3394,1958 3395,1959 3396,1959 3397,1960 3399,1960 3401,1962 3401,1965 3404,1968 3404,1969 3407,1972 3407,1973 3408,1974 3411,1974 3413,1976 3498,1977 3499,1977 3499,1978 3500,1979 3500,1980 3501,1981 3501,1982 3501,1983 3592,1983 3593,1982 3595,1982 3596,1981 3597,1981 3598,1980 3601,1982 3601,1984 3602,1985 3602,1986 3602,1987 3630,1987 3631,1988 3632,1988 3636,1991 3636,2015 3635,2016 3635,2017 3632,2020 3632,2022 3630,2024 3628,2024 3626,2026 3625,2026 3624,2027 3623,2027 3621,2029 3621,2030 3617,2034 3616,2034 3615,2035 3613,2035 3610,2038 3609,2038 3607,2040 3591,2040 3588,2043 3587,2043 3586,2044 3566,2044 3566,2044 3566,2047 3565,2048 3565,2049 3564,2050 3564,2051 3563,2052 3563,2053 3561,2055 3561,2056 3556,2061 3555,2061 3554,2062 3551,2062 3551,2062 3551,2063 3550,2064 3544,2064 3543,2065 3542,2064 3534,2064 3533,2063 3528,2063 3527,2062 3526,2062 3525,2061 3523,2061 3523,2060 3523,2059 3522,2058 3522,2052 3521,2051 3521,2046 3520,2046 3403,2045 3402,2046 3397,2046 3395,2048 3392,2048 3391,2049 3381,2049 3380,2048 3379,2048 3379,2048 3379,2047 3377,2045 3300,2045 3299,2044 3200,2044 3200,2044 3200,2045 3199,2046 3199,2047 3198,2048 3198,2054 3197,2055 3197,2060 3195,2062 3194,2062 3193,2063 3191,2063 3191,2062 3191,2061 3190,2061 3188,2061 3188,2060 3188,2054 3187,2053 3187,2045 3186,2045 3147,2045 3147,2045 3147,2069 3146,2070"/>
        <TextEquiv index="0">
          <Unicode>bers / Anno 1645. in 4. to an die&#383;em Ort ge&#11799;</Unicode>
        </TextEquiv>
        <TextEquiv index="1">
          <Unicode>bers / Anno 1645. in 4. to an die&#383;em Ort ge&#11799;</Unicode>
        </TextEquiv>
      </TextLine>
      <TextLine id="l68">
        <Coords points="3495,2181 3496,2150 3495,2149 3396,2149 3396,2150 3396,2151 3392,2154 3391,2154 3390,2155 3389,2155 3387,2157 3386,2157 3385,2158 3380,2158 3379,2159 3377,2159 3376,2158 3376,2152 3375,2151 3278,2151 3277,2150 3202,2150 3201,2149 3036,2148 3035,2149 3012,2149 3011,2150 3009,2150 3008,2151 3007,2151 3006,2152 3005,2152 3003,2150 2984,2150 2983,2149 2972,2149 2972,2150 2972,2154 2971,2154 2971,2154 2971,2150 2970,2149 2847,2149 2846,2150 2845,2150 2844,2151 2776,2151 2776,2151 2776,2152 2775,2153 2775,2154 2773,2156 2772,2156 2771,2157 2770,2157 2768,2155 2752,2155 2751,2154 2727,2154 2725,2152 2644,2152 2644,2152 2644,2161 2643,2162 2642,2165 2641,2167 2639,2167 2638,2167 2638,2168 2637,2170 2631,2170 2630,2169 2627,2169 2626,2168 2624,2168 2621,2165 2621,2163 2621,2162 2621,2161 2620,2160 2620,2156 2619,2156 2608,2156 2606,2154 2481,2153 2480,2154 2476,2154 2474,2152 2472,2152 2470,2150 2251,2150 2249,2152 2248,2152 2247,2153 2243,2153 2242,2154 2240,2152 2219,2152 2218,2151 2192,2151 2191,2150 2096,2149 2094,2151 2063,2151 2062,2152 2061,2152 2060,2153 2058,2153 2057,2152 2034,2152 2033,2151 2032,2151 2031,2150 1996,2150 1995,2149 1959,2149 1957,2147 1955,2147 1954,2146 1952,2146 1951,2145 1950,2145 1950,2145 1950,2144 1949,2143 1948,2143 1947,2142 1947,2090 1946,2089 1946,2086 1947,2085 1947,2084 1947,2083 1948,2083 1950,2082 1950,2081 1950,2080 1951,2080 1953,2078 1955,2078 1956,2079 1956,2081 1956,2081 1960,2081 1961,2082 1961,2083 1965,2087 1965,2088 1965,2088 1972,2088 1973,2089 2001,2089 2003,2091 2019,2091 2020,2092 2111,2092 2112,2092 2112,2075 2113,2073 2120,2073 2123,2071 2124,2071 2125,2070 2127,2070 2128,2071 2130,2071 2131,2071 2131,2073 2131,2074 2140,2074 2146,2079 2146,2086 2146,2087 2167,2087 2168,2088 2171,2088 2173,2089 2173,2090 2174,2092 2187,2092 2188,2091 2188,2066 2188,2066 2189,2066 2190,2066 2190,2091 2190,2092 2278,2092 2279,2091 2330,2091 2331,2090 2332,2090 2333,2089 2333,2079 2334,2078 2334,2077 2334,2077 2335,2076 2336,2076 2337,2075 2339,2076 2339,2078 2340,2079 2340,2080 2341,2081 2341,2089 2341,2090 2385,2090 2386,2089 2422,2089 2424,2088 2424,2087 2425,2086 2425,2083 2425,2082 2426,2082 2427,2082 2427,2081 2429,2079 2429,2078 2433,2073 2436,2073 2437,2072 2439,2072 2440,2071 2441,2071 2443,2069 2449,2069 2450,2070 2457,2070 2460,2073 2541,2073 2542,2073 2542,2072 2542,2071 2547,2071 2548,2070 2555,2070 2556,2071 2557,2071 2561,2075 2623,2076 2626,2078 2626,2088 2626,2089 2695,2089 2697,2091 2794,2091 2797,2088 2797,2087 2798,2086 2837,2086 2838,2086 2838,2076 2838,2075 2840,2075 2842,2073 2848,2073 2851,2076 2851,2082 2852,2083 2852,2100 2852,2100 2941,2100 2945,2096 2999,2096 3000,2096 3000,2076 3001,2075 3001,2074 3003,2071 3011,2071 3014,2074 3014,2081 3015,2082 3015,2098 3015,2098 3055,2099 3056,2100 3111,2100 3112,2099 3112,2079 3115,2076 3116,2076 3117,2075 3117,2072 3118,2071 3119,2071 3119,2072 3120,2073 3120,2075 3120,2076 3121,2076 3122,2077 3123,2077 3124,2077 3124,2079 3125,2080 3125,2099 3125,2100 3146,2100 3147,2099 3227,2099 3228,2098 3298,2098 3299,2098 3299,2075 3300,2073 3301,2073 3302,2072 3307,2072 3308,2071 3310,2073 3310,2075 3311,2076 3311,2077 3312,2078 3312,2079 3313,2080 3313,2100 3313,2100 3422,2100 3424,2099 3424,2097 3425,2096 3425,2093 3426,2092 3426,2091 3427,2089 3428,2089 3429,2089 3429,2084 3430,2083 3430,2082 3436,2075 3439,2075 3440,2074 3441,2074 3442,2073 3443,2073 3444,2073 3444,2070 3444,2069 3445,2069 3446,2070 3456,2070 3457,2071 3459,2071 3461,2073 3461,2074 3462,2075 3462,2077 3463,2078 3463,2099 3463,2099 3542,2100 3544,2098 3544,2093 3546,2091 3546,2076 3546,2076 3547,2076 3547,2092 3547,2093 3548,2093 3550,2094 3550,2096 3550,2097 3610,2097 3611,2096 3611,2087 3611,2087 3612,2087 3612,2096 3612,2097 3613,2097 3614,2097 3614,2129 3614,2130 3619,2130 3620,2131 3624,2131 3625,2132 3626,2132 3634,2139 3634,2140 3635,2141 3635,2143 3636,2144 3636,2146 3635,2147 3635,2154 3634,2155 3634,2156 3633,2157 3632,2157 3629,2160 3628,2160 3628,2160 3628,2161 3626,2163 3625,2163 3624,2164 3623,2164 3622,2165 3616,2165 3615,2166 3549,2166 3548,2165 3547,2165 3546,2164 3547,2150 3546,2150 3508,2150 3507,2151 3506,2151 3505,2150 3498,2150 3498,2150 3497,2180 3496,2181"/>
        <TextEquiv index="0">
          <Unicode>druckten vier B&#252;chern / de admiranda, &#383;acra,</Unicode>
        </TextEquiv>
        <TextEquiv index="1">
          <Unicode>druckten vier B&#252;chern / de admiranda, &#383;acra,</Unicode>
        </TextEquiv>
      </TextLine>
      <TextLine id="l69">
        <Coords points="3572,2291 3571,2290 3571,2260 3571,2260 3487,2259 3486,2260 3484,2260 3483,2261 3350,2261 3349,2262 3349,2273 3349,2273 3348,2273 3347,2273 3347,2263 3347,2262 3341,2262 3340,2261 3338,2261 3336,2259 3333,2259 3332,2258 3327,2258 3326,2257 3324,2257 3320,2253 3319,2253 3311,2245 3237,2245 3236,2245 3236,2249 3235,2250 3235,2252 3234,2253 3234,2255 3232,2258 3231,2258 3229,2260 3227,2260 3225,2262 3191,2262 3190,2261 3186,2261 3184,2259 3169,2259 3074,2259 3073,2260 3036,2259 3035,2260 2999,2260 2998,2261 2937,2261 2936,2260 2929,2260 2928,2259 2922,2259 2920,2257 2919,2257 2917,2255 2916,2255 2915,2254 2913,2254 2912,2253 2911,2253 2905,2248 2905,2247 2905,2246 2831,2246 2830,2247 2830,2248 2829,2249 2829,2251 2827,2253 2825,2253 2824,2254 2824,2255 2824,2255 2823,2256 2822,2256 2821,2257 2819,2257 2818,2258 2816,2258 2815,2259 2813,2259 2812,2260 2806,2260 2804,2258 2803,2258 2803,2281 2803,2282 2802,2282 2800,2284 2798,2282 2798,2256 2798,2256 2698,2256 2697,2257 2696,2257 2694,2259 2693,2259 2692,2258 2690,2258 2688,2256 2594,2256 2592,2258 2587,2258 2585,2256 2486,2255 2485,2256 2485,2270 2483,2272 2483,2275 2482,2276 2482,2277 2480,2279 2480,2280 2480,2280 2479,2280 2477,2282 2476,2282 2475,2283 2472,2283 2471,2284 2469,2284 2467,2286 2450,2286 2449,2285 2447,2285 2446,2284 2445,2284 2441,2281 2441,2278 2440,2277 2440,2275 2439,2274 2439,2255 2439,2254 2405,2254 2404,2253 2253,2253 2252,2254 2230,2254 2229,2255 2161,2255 2160,2256 2084,2255 2083,2254 1967,2254 1966,2253 1965,2253 1964,2252 1962,2252 1960,2250 1959,2250 1958,2249 1957,2249 1956,2249 1956,2248 1955,2247 1955,2246 1953,2244 1953,2243 1952,2242 1952,2238 1951,2237 1951,2229 1952,2228 1952,2227 1954,2225 1954,2223 1957,2220 1958,2220 1960,2218 1960,2199 1961,2198 1961,2196 1962,2195 1962,2193 1966,2189 1982,2189 1983,2190 1984,2190 1985,2192 1985,2193 1987,2195 1987,2196 1989,2198 1989,2201 1990,2201 2018,2201 2021,2204 2024,2204 2024,2205 2024,2209 2025,2209 2120,2209 2120,2209 2120,2192 2121,2191 2121,2190 2122,2190 2124,2190 2125,2189 2126,2189 2127,2188 2191,2188 2194,2185 2195,2185 2196,2184 2219,2184 2220,2183 2221,2183 2222,2182 2225,2182 2229,2186 2250,2186 2250,2186 2250,2207 2251,2208 2326,2208 2327,2207 2370,2207 2371,2206 2419,2206 2422,2203 2423,2203 2427,2207 2485,2207 2485,2207 2485,2192 2486,2191 2548,2191 2548,2191 2548,2188 2552,2184 2557,2184 2559,2187 2559,2188 2560,2189 2560,2204 2561,2204 2584,2205 2585,2206 2684,2206 2684,2205 2684,2183 2686,2182 2690,2182 2691,2181 2692,2182 2694,2182 2695,2183 2696,2183 2698,2185 2698,2186 2699,2187 2724,2187 2725,2188 2725,2189 2726,2190 2726,2204 2727,2205 2769,2205 2770,2206 2771,2206 2771,2206 2771,2208 2772,2209 2895,2209 2895,2209 2895,2208 2896,2207 2896,2206 2901,2201 2901,2200 2903,2198 2903,2197 2904,2196 2904,2194 2906,2192 2907,2192 2908,2191 2909,2191 2909,2191 2909,2190 2911,2188 2912,2188 2913,2187 2914,2187 2915,2186 2919,2186 2920,2185 2922,2185 2924,2183 2929,2183 2930,2182 2944,2182 2945,2183 2951,2183 2953,2185 3028,2185 3029,2184 3035,2184 3036,2183 3037,2183 3039,2186 3039,2205 3040,2206 3157,2206 3157,2205 3157,2189 3159,2188 3160,2188 3163,2185 3164,2185 3165,2184 3165,2184 3165,2185 3168,2188 3168,2189 3169,2190 3169,2204 3170,2205 3219,2205 3219,2205 3219,2208 3220,2209 3227,2209 3229,2211 3230,2211 3231,2212 3305,2212 3305,2212 3305,2208 3306,2207 3306,2205 3309,2202 3309,2201 3310,2200 3310,2199 3319,2190 3320,2190 3322,2188 3324,2188 3325,2187 3327,2187 3328,2186 3329,2186 3330,2185 3335,2185 3336,2184 3337,2184 3338,2183 3391,2183 3392,2182 3393,2183 3394,2183 3395,2185 3395,2188 3396,2189 3396,2210 3397,2210 3495,2210 3495,2210 3495,2182 3496,2181 3533,2182 3535,2180 3539,2180 3541,2182 3541,2186 3542,2187 3566,2187 3567,2188 3568,2189 3568,2209 3569,2210 3632,2210 3633,2209 3634,2209 3635,2210 3637,2210 3638,2211 3639,2211 3639,2211 3639,2212 3639,2213 3637,2213 3636,2213 3636,2225 3633,2228 3633,2253 3632,2254 3632,2255 3630,2258 3629,2258 3628,2259 3624,2259 3623,2260 3619,2260 3618,2261 3589,2261 3588,2262 3583,2262 3581,2260 3574,2260 3573,2260 3573,2290 3573,2291"/>
        <TextEquiv index="0">
          <Unicode>&amp; civili magnitudine Coloni&#230; Claudi&#230;</Unicode>
        </TextEquiv>
        <TextEquiv index="1">
          <Unicode>&amp; civili magnitudine Coloni&#230; Claudi&#230;</Unicode>
        </TextEquiv>
      </TextLine>
      <TextLine id="l70">
        <Coords points="3275,2401 3275,2372 3275,2371 3274,2371 3273,2372 3273,2395 3272,2395 3272,2395 3272,2372 3272,2371 3257,2371 3256,2372 3242,2372 3241,2372 3241,2388 3240,2390 3238,2388 3238,2373 3237,2372 3215,2372 3214,2371 3130,2371 3129,2370 3064,2370 3063,2371 3062,2371 3061,2372 3019,2371 3017,2373 3015,2373 3014,2374 3012,2374 3010,2372 2978,2372 2977,2371 2972,2371 2971,2370 2970,2370 2967,2368 2967,2367 2966,2365 2937,2365 2905,2365 2904,2366 2903,2366 2902,2367 2899,2367 2898,2368 2897,2368 2896,2369 2867,2369 2866,2370 2862,2370 2861,2369 2859,2369 2858,2368 2821,2368 2776,2368 2775,2369 2773,2369 2772,2370 2734,2370 2733,2370 2733,2377 2732,2378 2732,2381 2731,2382 2731,2384 2729,2386 2729,2387 2727,2390 2726,2390 2725,2390 2725,2391 2722,2394 2721,2394 2721,2394 2721,2395 2720,2396 2717,2396 2716,2397 2715,2397 2714,2398 2705,2398 2704,2399 2703,2399 2702,2400 2699,2400 2698,2399 2695,2399 2694,2398 2693,2398 2689,2393 2689,2392 2688,2391 2688,2385 2687,2384 2687,2366 2687,2366 2630,2366 2629,2366 2629,2367 2629,2368 2566,2367 2565,2368 2564,2368 2563,2367 2561,2367 2559,2366 2559,2365 2558,2364 2558,2363 2558,2362 2497,2362 2495,2364 2494,2364 2493,2365 2492,2365 2490,2367 2484,2367 2483,2368 2481,2368 2480,2369 2479,2368 2478,2368 2477,2367 2476,2367 2473,2364 2454,2364 2453,2363 2349,2363 2348,2364 2253,2364 2252,2365 2214,2365 2213,2365 2213,2391 2211,2393 2210,2393 2209,2394 2165,2394 2163,2396 2159,2396 2157,2398 2156,2398 2155,2397 2150,2397 2149,2396 2141,2396 2139,2393 2139,2365 2139,2365 2075,2364 2074,2365 2074,2377 2072,2379 2072,2384 2071,2385 2071,2386 2070,2387 2068,2387 2065,2390 2062,2390 2058,2393 2056,2393 2055,2394 2038,2394 2037,2393 2031,2393 2031,2393 2031,2392 2030,2391 2030,2390 2029,2389 2029,2388 2029,2387 2028,2387 2026,2386 2026,2364 2026,2363 1962,2363 1961,2364 1955,2364 1954,2363 1952,2363 1951,2363 1951,2359 1952,2358 1952,2357 1955,2354 1956,2354 1961,2349 1961,2348 1962,2347 1962,2345 1964,2343 1964,2342 1965,2341 1965,2339 1966,2338 1966,2337 1968,2335 1968,2334 1969,2333 1969,2330 1970,2329 1970,2328 1971,2327 1971,2325 1973,2323 1973,2320 1975,2318 1975,2317 1976,2316 1976,2315 1977,2314 1977,2311 1979,2309 1979,2308 1980,2307 1980,2304 1981,2303 1981,2301 1982,2300 1982,2298 1983,2297 1983,2296 1984,2295 1984,2294 1985,2293 1987,2293 1988,2292 1989,2292 1990,2291 1994,2291 1995,2293 1995,2294 1996,2295 1996,2297 1997,2298 1997,2299 1999,2300 2030,2300 2030,2301 2030,2302 2031,2303 2031,2316 2032,2316 2052,2316 2053,2317 2121,2317 2121,2317 2121,2300 2123,2299 2124,2299 2126,2297 2128,2297 2131,2300 2131,2317 2132,2318 2154,2318 2155,2317 2206,2317 2207,2318 2235,2318 2235,2317 2235,2309 2236,2309 2249,2309 2249,2308 2249,2301 2250,2301 2273,2301 2273,2300 2273,2289 2274,2289 2291,2289 2291,2288 2291,2287 2292,2287 2292,2287 2292,2288 2294,2290 2294,2292 2296,2294 2311,2294 2311,2294 2311,2315 2312,2316 2376,2316 2377,2315 2426,2315 2427,2314 2427,2312 2428,2311 2428,2309 2429,2308 2429,2307 2430,2306 2430,2305 2431,2304 2431,2303 2433,2301 2433,2300 2435,2298 2435,2297 2438,2294 2452,2294 2453,2293 2453,2292 2454,2291 2456,2291 2457,2292 2459,2292 2460,2293 2461,2293 2463,2295 2523,2295 2524,2296 2525,2296 2525,2297 2525,2299 2524,2300 2523,2300 2522,2299 2501,2299 2500,2300 2500,2352 2501,2353 2501,2358 2502,2358 2562,2358 2563,2357 2564,2357 2566,2355 2567,2355 2567,2355 2567,2351 2570,2348 2570,2347 2571,2346 2571,2344 2572,2343 2572,2342 2573,2341 2573,2340 2575,2338 2575,2337 2576,2336 2576,2334 2577,2333 2577,2329 2578,2328 2578,2327 2579,2326 2579,2324 2582,2321 2582,2318 2583,2317 2583,2316 2584,2315 2584,2312 2585,2311 2585,2310 2586,2309 2586,2307 2588,2305 2588,2303 2589,2302 2589,2300 2592,2298 2595,2298 2596,2297 2603,2297 2603,2297 2603,2298 2605,2300 2605,2303 2606,2304 2606,2307 2607,2308 2607,2310 2608,2311 2608,2312 2609,2313 2609,2314 2611,2316 2645,2316 2646,2317 2648,2317 2649,2318 2716,2318 2717,2319 2723,2319 2724,2320 2796,2320 2796,2319 2796,2314 2797,2313 2797,2308 2798,2307 2798,2305 2800,2303 2800,2302 2806,2296 2806,2295 2809,2293 2810,2293 2811,2292 2817,2292 2818,2291 2823,2291 2823,2291 2823,2290 2824,2289 2825,2289 2826,2291 2826,2292 2827,2292 2828,2292 2830,2294 2831,2294 2833,2297 2833,2300 2834,2301 2834,2320 2835,2320 2899,2320 2900,2319 2951,2319 2951,2319 2951,2296 2954,2293 2997,2293 2998,2292 3001,2292 3002,2291 3020,2291 3021,2292 3028,2292 3031,2295 3050,2296 3052,2298 3098,2298 3100,2300 3102,2300 3103,2301 3103,2319 3104,2320 3104,2322 3105,2323 3175,2323 3176,2322 3177,2322 3178,2321 3182,2321 3183,2322 3198,2322 3199,2323 3262,2323 3262,2322 3262,2321 3263,2321 3264,2321 3265,2320 3267,2320 3267,2319 3267,2318 3268,2318 3270,2320 3344,2320 3344,2320 3344,2299 3345,2298 3372,2298 3373,2297 3374,2297 3375,2296 3420,2296 3421,2295 3428,2295 3430,2293 3432,2295 3494,2295 3496,2293 3499,2294 3500,2293 3502,2293 3503,2294 3505,2294 3505,2294 3505,2296 3506,2297 3554,2297 3555,2298 3556,2298 3557,2299 3557,2302 3558,2303 3558,2321 3559,2322 3571,2322 3571,2321 3571,2291 3572,2291 3573,2291 3574,2292 3578,2292 3578,2292 3578,2321 3579,2322 3582,2322 3584,2320 3585,2321 3589,2321 3590,2322 3592,2322 3593,2323 3595,2323 3596,2324 3596,2328 3597,2329 3601,2329 3601,2329 3601,2342 3602,2343 3619,2343 3619,2343 3619,2350 3620,2351 3622,2351 3622,2351 3622,2353 3623,2354 3624,2354 3624,2354 3624,2355 3625,2356 3626,2356 3627,2357 3628,2357 3628,2357 3629,2358 3629,2359 3631,2361 3631,2362 3632,2363 3632,2366 3631,2367 3631,2371 3630,2372 3630,2375 3629,2376 3629,2379 3629,2380 3628,2380 3626,2382 3625,2382 3623,2384 3622,2384 3620,2386 3619,2386 3618,2387 3617,2387 3616,2388 3612,2388 3611,2387 3610,2387 3607,2384 3607,2371 3607,2371 3508,2371 3507,2372 3486,2371 3485,2372 3485,2385 3485,2385 3484,2385 3484,2372 3484,2371 3437,2371 3436,2372 3436,2373 3433,2376 3430,2376 3429,2377 3429,2380 3429,2380 3427,2380 3426,2381 3425,2381 3424,2381 3424,2376 3424,2375 3408,2375 3407,2374 3394,2374 3393,2373 3391,2373 3388,2370 3317,2370 3316,2371 3277,2371 3276,2372 3276,2401 3275,2401"/>
        <TextEquiv index="0">
          <Unicode>Agrippinen&#383;is Augu&#383;t&#230; Ubiorum Urbis,</Unicode>
        </TextEquiv>
        <TextEquiv index="1">
          <Unicode>Agrippidenlis Augu&#383;t&#230; Ubiorum Urbis,</Unicode>
        </TextEquiv>
      </TextLine>
      <TextLine id="l71">
        <Coords points="3570,2511 3568,2509 3416,2508 3415,2507 3288,2507 3287,2508 3274,2508 3273,2507 3271,2507 3270,2506 3269,2506 3268,2505 3267,2505 3267,2504 3267,2503 3266,2502 3266,2501 3264,2499 3264,2489 3263,2489 3136,2489 3135,2490 3135,2491 3131,2495 3090,2495 3089,2496 2998,2495 2998,2496 2998,2500 2997,2500 2995,2500 2993,2503 2993,2505 2992,2505 2991,2505 2989,2503 2985,2503 2984,2502 2984,2494 2983,2493 2983,2489 2982,2488 2975,2488 2974,2487 2834,2487 2834,2488 2834,2496 2829,2501 2829,2502 2828,2502 2827,2502 2826,2503 2825,2503 2824,2504 2821,2504 2820,2503 2817,2503 2814,2500 2812,2500 2812,2500 2812,2487 2811,2486 2801,2486 2800,2485 2742,2485 2741,2484 2689,2484 2688,2483 2661,2483 2661,2483 2661,2485 2659,2487 2659,2486 2659,2482 2658,2482 2523,2481 2522,2482 2521,2481 2433,2481 2432,2480 2276,2480 2274,2482 2273,2482 2272,2481 2100,2480 2098,2482 2041,2482 2041,2483 2041,2489 2040,2490 2040,2498 2039,2499 2039,2500 2037,2501 2035,2501 2034,2502 2033,2502 2031,2500 1958,2500 1957,2499 1956,2499 1955,2498 1953,2498 1949,2494 1948,2494 1947,2493 1946,2493 1946,2493 1946,2488 1945,2487 1945,2484 1946,2483 1946,2455 1947,2454 1947,2449 1948,2448 1948,2446 1949,2445 1949,2442 1949,2441 1950,2441 1952,2440 1952,2439 1954,2437 1954,2435 1955,2433 1956,2433 1957,2433 1957,2432 1959,2429 1963,2429 1965,2428 1965,2427 1965,2426 1967,2424 1968,2424 1970,2423 1970,2422 1971,2420 2033,2420 2035,2419 2035,2414 2036,2412 2037,2412 2038,2412 2038,2411 2039,2410 2039,2409 2039,2408 2040,2408 2043,2405 2045,2405 2047,2404 2047,2403 2048,2401 2052,2401 2054,2399 2059,2399 2060,2400 2061,2400 2064,2403 2064,2411 2064,2411 2170,2412 2172,2414 2176,2414 2180,2418 2186,2418 2189,2421 2190,2421 2191,2422 2273,2422 2274,2423 2402,2423 2403,2423 2403,2413 2404,2412 2404,2410 2405,2409 2405,2408 2406,2407 2406,2406 2409,2402 2410,2402 2411,2401 2415,2401 2416,2400 2417,2400 2418,2399 2420,2399 2422,2397 2431,2397 2432,2398 2436,2398 2437,2399 2602,2400 2603,2401 2607,2401 2608,2401 2608,2422 2608,2423 2750,2423 2751,2422 2751,2408 2752,2407 2806,2407 2808,2405 2809,2405 2810,2404 2811,2405 2924,2405 2926,2407 3063,2408 3065,2406 3067,2406 3069,2404 3069,2403 3070,2402 3071,2403 3073,2403 3074,2404 3123,2404 3124,2405 3129,2405 3130,2406 3245,2406 3249,2409 3249,2411 3249,2412 3325,2412 3327,2414 3327,2427 3327,2427 3545,2428 3546,2427 3549,2427 3550,2426 3556,2426 3557,2425 3557,2417 3558,2416 3558,2414 3559,2413 3559,2412 3559,2412 3566,2412 3567,2411 3568,2411 3569,2410 3570,2410 3571,2409 3573,2409 3574,2408 3576,2408 3577,2407 3584,2407 3585,2408 3586,2408 3587,2408 3587,2409 3588,2410 3588,2411 3590,2413 3590,2428 3591,2429 3591,2431 3592,2432 3592,2433 3592,2434 3636,2434 3638,2435 3638,2441 3639,2442 3639,2452 3640,2453 3640,2456 3639,2457 3639,2463 3637,2465 3637,2466 3636,2467 3636,2468 3631,2473 3630,2473 3629,2474 3626,2474 3624,2476 3623,2476 3620,2479 3619,2479 3616,2482 3615,2482 3614,2483 3613,2483 3609,2487 3598,2487 3598,2487 3598,2505 3595,2508 3594,2508 3592,2510 3588,2510 3587,2511"/>
        <TextEquiv index="0">
          <Unicode>gefunden: Als kan ich nicht Umbgang neh&#11799;</Unicode>
        </TextEquiv>
        <TextEquiv index="1">
          <Unicode>gefunden: Als kan ich nicht Umbgang neh&#11799;</Unicode>
        </TextEquiv>
      </TextLine>
      <TextLine id="l72">
        <Coords points="3200,2620 3200,2599 3199,2599 3152,2599 3152,2599 3152,2601 3149,2604 3149,2608 3148,2609 3148,2610 3145,2613 3144,2613 3143,2614 3137,2614 3136,2615 3036,2614 3034,2616 3033,2616 3032,2617 3020,2617 3018,2615 2139,2614 2138,2613 2066,2612 2066,2612 2066,2591 2065,2590 2031,2590 2030,2589 1978,2589 1977,2588 1976,2588 1973,2585 1948,2585 1948,2585 1948,2584 1947,2583 1947,2582 1945,2580 1945,2579 1944,2578 1944,2539 1944,2538 1945,2538 1946,2538 1946,2536 1947,2534 1948,2534 1951,2531 2001,2531 2004,2528 2158,2529 2159,2528 2159,2527 2160,2526 2160,2523 2162,2521 2227,2521 2228,2520 2607,2521 2609,2519 2609,2518 2609,2518 2610,2518 2611,2517 2613,2517 2614,2516 2619,2516 2622,2513 2626,2513 2628,2515 3474,2516 3476,2518 3476,2519 3477,2520 3477,2522 3477,2522 3605,2523 3607,2524 3607,2544 3607,2545 3608,2545 3609,2545 3609,2571 3609,2572 3623,2572 3628,2576 3628,2577 3629,2578 3629,2580 3630,2581 3630,2583 3631,2584 3631,2585 3628,2588 3628,2589 3625,2592 3623,2592 3622,2593 3621,2593 3620,2594 3607,2594 3607,2594 3607,2596 3606,2597 3597,2597 3596,2598 3595,2598 3594,2599 3383,2598 3382,2599 3201,2599 3201,2599 3201,2620 3200,2621"/>
        <TextEquiv index="0">
          <Unicode>men / davon noch etwas allhie zu vermelden.</Unicode>
        </TextEquiv>
        <TextEquiv index="1">
          <Unicode>men / davon noch etwas allhie zu vermelden.</Unicode>
        </TextEquiv>
      </TextLine>
      <TextLine id="l73">
        <Coords points="3606,2731 3605,2730 3605,2728 3605,2728 3578,2728 3577,2729 3563,2729 3561,2727 3560,2727 3559,2726 3559,2725 3558,2724 3558,2708 3558,2708 3467,2707 3466,2707 3466,2706 3466,2705 3323,2705 3322,2706 3321,2706 3320,2707 3319,2707 3318,2708 3248,2708 3246,2710 3229,2710 3228,2710 3228,2719 3228,2720 3227,2719 3227,2706 3227,2706 3131,2706 3130,2707 3106,2707 3105,2707 3105,2719 3104,2721 3103,2721 3100,2724 3098,2724 3097,2725 3094,2725 3093,2726 3088,2726 3084,2722 3084,2708 3084,2708 3073,2708 3072,2707 2962,2706 2961,2707 2954,2707 2953,2708 2952,2707 2853,2707 2847,2713 2847,2715 2846,2716 2839,2716 2838,2717 2838,2718 2837,2719 2837,2726 2836,2727 2832,2727 2831,2726 2830,2726 2828,2725 2828,2703 2828,2702 2653,2702 2652,2702 2652,2712 2649,2716 2647,2716 2646,2715 2644,2715 2643,2714 2643,2710 2642,2709 2642,2707 2641,2706 2641,2703 2641,2703 2584,2703 2583,2702 2581,2702 2580,2701 2492,2700 2491,2701 2491,2702 2491,2702 2490,2702 2489,2703 2488,2703 2484,2707 2484,2708 2484,2708 2483,2708 2481,2710 2476,2710 2475,2711 2475,2715 2474,2716 2474,2720 2473,2721 2471,2721 2470,2722 2469,2722 2468,2722 2468,2707 2467,2706 2467,2700 2467,2699 2394,2699 2393,2700 2325,2700 2324,2700 2324,2701 2323,2702 2323,2703 2321,2706 2319,2706 2317,2704 2317,2703 2317,2703 2316,2703 2316,2722 2315,2724 2314,2723 2314,2699 2314,2699 2241,2699 2240,2700 2202,2700 2201,2701 2153,2701 2151,2702 2151,2704 2149,2706 2149,2707 2148,2708 2148,2710 2144,2714 2144,2715 2144,2716 2143,2716 2142,2717 2140,2717 2138,2719 2136,2719 2134,2717 2131,2717 2130,2716 2130,2715 2129,2714 2129,2712 2128,2711 2128,2706 2127,2705 2127,2703 2127,2703 2011,2702 2009,2704 1976,2704 1975,2705 1974,2705 1973,2706 1970,2706 1969,2706 1969,2704 1968,2703 1968,2702 1965,2698 1962,2698 1960,2696 1959,2696 1958,2695 1949,2695 1947,2694 1947,2627 1945,2625 1951,2619 1953,2619 1954,2619 1954,2618 1954,2617 2000,2617 2001,2616 2003,2616 2004,2617 2005,2617 2007,2619 2008,2619 2009,2620 2011,2620 2015,2625 2015,2627 2016,2627 2065,2627 2065,2627 2066,2613 2066,2612 2067,2613 2066,2627 2067,2627 2082,2627 2083,2629 2083,2630 2086,2632 2087,2632 2091,2636 2093,2636 2094,2637 2144,2638 2145,2639 2177,2639 2178,2640 2178,2641 2179,2642 2278,2642 2280,2640 2344,2640 2344,2639 2344,2638 2346,2636 2346,2635 2348,2634 2381,2634 2381,2634 2381,2633 2382,2632 2382,2631 2384,2629 2386,2629 2390,2633 2393,2633 2394,2635 2394,2636 2397,2638 2471,2638 2472,2637 2473,2637 2473,2637 2473,2636 2474,2635 2474,2634 2475,2633 2475,2629 2477,2627 2482,2627 2482,2627 2482,2626 2486,2622 2487,2622 2487,2622 2488,2621 2488,2620 2490,2620 2491,2619 2493,2619 2495,2621 2496,2621 2497,2622 2499,2622 2499,2623 2499,2624 2500,2625 2500,2628 2502,2629 2504,2629 2505,2630 2593,2631 2593,2630 2593,2628 2594,2627 2594,2626 2595,2626 2648,2626 2651,2623 2654,2623 2654,2622 2655,2621 2655,2621 2665,2621 2666,2622 2667,2622 2667,2622 2667,2624 2668,2625 2669,2625 2669,2625 2670,2626 2670,2627 2671,2628 2671,2643 2672,2644 2749,2644 2749,2643 2749,2641 2750,2640 2750,2639 2751,2638 2751,2637 2754,2634 2754,2633 2758,2630 2759,2630 2760,2631 2760,2633 2761,2634 2837,2634 2837,2634 2837,2633 2841,2629 2842,2629 2845,2626 2846,2626 2847,2625 2848,2625 2850,2623 2854,2623 2855,2622 2911,2622 2912,2621 2914,2621 2915,2622 2920,2622 2922,2624 2952,2624 2953,2625 2954,2625 2954,2626 2954,2627 2956,2629 2956,2630 2957,2630 3078,2631 3079,2629 3079,2628 3080,2628 3087,2628 3088,2629 3090,2629 3090,2629 3090,2632 3091,2633 3091,2646 3092,2647 3196,2647 3196,2646 3196,2638 3197,2637 3197,2633 3198,2632 3198,2623 3199,2623 3200,2623 3200,2623 3200,2628 3201,2629 3204,2629 3205,2630 3205,2631 3206,2632 3206,2644 3207,2645 3248,2645 3249,2646 3321,2646 3321,2647 3321,2648 3322,2648 3402,2648 3402,2648 3402,2647 3403,2646 3440,2646 3441,2645 3445,2645 3448,2648 3465,2648 3466,2649 3517,2650 3517,2649 3517,2635 3518,2634 3518,2633 3520,2632 3521,2632 3522,2631 3523,2631 3529,2625 3534,2625 3535,2626 3573,2626 3573,2625 3573,2623 3574,2623 3574,2623 3574,2626 3575,2627 3576,2627 3577,2628 3577,2628 3577,2629 3578,2630 3579,2630 3580,2631 3581,2631 3582,2632 3582,2646 3583,2647 3610,2647 3610,2647 3610,2656 3611,2657 3631,2657 3634,2660 3634,2663 3633,2664 3633,2685 3632,2686 3632,2692 3632,2693 3629,2693 3624,2698 3623,2698 3622,2699 3620,2699 3615,2704 3614,2704 3613,2705 3611,2705 3607,2708 3607,2730 3607,2731"/>
        <TextEquiv index="0">
          <Unicode>Und zwar / da&#223; die&#383;er de&#223; Reichs immerw&#228;h&#11799;</Unicode>
        </TextEquiv>
        <TextEquiv index="1">
          <Unicode>Und zwar / da&#223; die&#383;er de&#223; Reichs immerw&#228;h&#11799;</Unicode>
        </TextEquiv>
      </TextLine>
      <TextLine id="l74">
        <Coords points="3609,2845 3608,2844 3608,2841 3608,2841 3296,2840 3295,2841 3295,2843 3295,2843 3294,2843 3293,2843 3293,2841 3293,2840 3200,2840 3199,2839 3199,2838 3199,2838 3198,2838 3196,2836 3196,2835 3196,2835 2952,2834 2951,2835 2951,2837 2951,2837 2950,2837 2948,2836 2948,2835 2947,2834 2947,2831 2947,2830 2891,2830 2890,2830 2890,2822 2890,2821 2869,2821 2868,2821 2868,2820 2867,2818 2669,2818 2668,2819 2664,2819 2663,2820 2661,2820 2660,2821 2659,2821 2658,2822 2657,2822 2655,2824 2637,2824 2636,2823 2635,2823 2634,2822 2628,2822 2627,2821 2626,2821 2624,2819 2621,2819 2620,2818 2616,2818 2615,2817 2613,2817 2612,2816 2400,2815 2399,2816 2399,2817 2399,2817 2291,2817 2290,2817 2290,2821 2289,2822 2289,2831 2288,2832 2288,2833 2287,2835 2283,2835 2280,2832 2280,2810 2280,2810 2080,2809 2079,2810 2049,2810 2048,2811 2044,2811 2043,2810 1989,2810 1988,2809 1948,2809 1947,2809 1947,2808 1946,2807 1946,2806 1945,2804 1943,2804 1941,2803 1941,2802 1940,2801 1940,2798 1941,2797 1941,2758 1942,2757 1943,2757 1944,2756 1944,2754 1947,2751 1948,2751 1949,2750 1950,2750 1951,2749 2062,2749 2062,2749 2062,2748 2063,2747 2063,2746 2064,2745 2064,2742 2065,2741 2066,2741 2068,2739 2069,2739 2070,2738 2178,2739 2178,2738 2178,2732 2179,2732 2179,2732 2179,2739 2180,2740 2211,2740 2212,2741 2212,2742 2213,2743 2214,2743 2215,2744 2216,2744 2217,2745 2218,2745 2219,2746 2421,2746 2421,2746 2421,2736 2422,2735 2422,2734 2424,2732 2625,2733 2626,2732 2627,2732 2628,2731 2632,2731 2633,2730 2638,2730 2639,2729 2650,2729 2651,2728 2652,2728 2653,2729 2659,2729 2660,2730 2661,2730 2663,2732 2666,2732 2668,2734 2678,2734 2678,2734 2678,2735 2681,2738 2681,2739 2682,2740 2954,2740 2956,2738 2960,2738 2963,2735 2969,2735 2970,2734 3085,2735 3085,2734 3085,2733 3086,2733 3181,2733 3182,2732 3183,2732 3184,2731 3346,2731 3346,2731 3346,2730 3348,2728 3349,2730 3349,2732 3350,2732 3374,2732 3375,2733 3379,2733 3380,2734 3381,2734 3382,2735 3412,2735 3413,2737 3413,2738 3414,2738 3612,2739 3612,2739 3612,2761 3613,2762 3634,2762 3635,2763 3636,2763 3637,2764 3640,2764 3641,2765 3639,2767 3639,2768 3638,2769 3638,2773 3636,2775 3636,2790 3635,2791 3635,2796 3634,2798 3633,2798 3630,2801 3629,2801 3627,2803 3626,2803 3624,2805 3623,2805 3622,2806 3621,2806 3619,2808 3618,2808 3617,2808 3617,2810 3617,2811 3616,2812 3614,2812 3612,2813 3612,2844 3612,2845"/>
        <TextEquiv index="0">
          <Unicode>renden deputirten Stadt / &#383;o auff der Rheini&#11799;</Unicode>
        </TextEquiv>
        <TextEquiv index="1">
          <Unicode>renden deputirten Stadt / &#383;o auff der Rheini&#11799;</Unicode>
        </TextEquiv>
      </TextLine>
      <TextLine id="l75">
        <Coords points="3151,2952 3151,2951 3151,2931 3150,2931 2915,2930 2915,2931 2915,2948 2914,2948 2913,2948 2911,2950 2892,2950 2890,2948 2889,2948 2889,2948 2889,2947 2888,2946 2888,2945 2887,2944 2887,2940 2886,2939 2801,2939 2801,2939 2801,2950 2800,2951 2799,2951 2799,2950 2799,2939 2798,2939 2760,2939 2759,2940 2759,2941 2758,2942 2757,2942 2756,2943 2755,2943 2754,2944 2753,2944 2752,2943 2750,2943 2749,2942 2748,2942 2746,2939 2746,2927 2745,2927 2587,2927 2587,2927 2587,2929 2585,2931 2583,2931 2581,2929 2475,2928 2475,2928 2475,2924 2474,2923 2474,2922 2473,2921 2208,2921 2207,2922 2206,2922 2205,2923 2199,2923 2198,2922 2041,2921 2041,2922 2041,2932 2040,2933 2040,2935 2038,2936 2037,2936 2036,2938 2036,2939 2035,2939 2034,2939 2033,2940 2026,2940 2025,2939 2024,2939 2021,2936 1950,2936 1949,2935 1949,2932 1948,2931 1948,2928 1947,2927 1947,2922 1946,2921 1946,2904 1945,2903 1945,2865 1946,2864 1946,2856 1948,2854 1948,2853 1949,2852 1949,2850 1953,2846 1953,2844 1954,2843 1955,2843 1958,2840 1960,2840 1961,2839 1962,2839 1963,2838 1966,2838 1967,2837 1968,2837 1969,2836 1972,2836 1973,2837 1974,2837 1976,2839 1978,2839 1979,2840 2024,2840 2025,2841 2026,2841 2030,2845 2155,2846 2156,2845 2157,2845 2158,2844 2159,2844 2162,2841 2171,2841 2172,2840 2179,2840 2180,2841 2180,2842 2181,2843 2184,2843 2185,2844 2186,2844 2187,2845 2189,2845 2190,2846 2216,2846 2218,2848 2220,2848 2222,2850 2222,2851 2225,2854 2225,2861 2225,2862 2353,2862 2355,2860 2365,2860 2366,2860 2366,2845 2368,2843 2369,2843 2370,2842 2371,2842 2372,2841 2374,2841 2375,2840 2377,2840 2378,2839 2378,2838 2380,2836 2381,2836 2383,2838 2385,2838 2386,2839 2387,2839 2387,2840 2387,2842 2388,2842 2400,2842 2400,2843 2400,2844 2401,2845 2401,2849 2402,2849 2427,2849 2428,2850 2429,2850 2429,2851 2430,2851 2433,2854 2435,2854 2437,2856 2560,2856 2561,2856 2561,2854 2563,2852 2563,2851 2565,2849 2565,2848 2567,2846 2568,2846 2571,2843 2572,2843 2573,2842 2576,2842 2576,2842 2576,2841 2577,2840 2578,2840 2580,2839 2586,2839 2587,2838 2617,2838 2618,2837 2622,2837 2623,2836 2637,2836 2638,2835 2645,2835 2645,2835 2645,2837 2647,2839 2648,2839 2650,2841 2773,2841 2774,2840 2787,2840 2789,2842 2792,2842 2793,2843 2793,2844 2794,2845 2902,2845 2904,2847 2909,2847 2910,2848 2911,2848 2912,2849 2955,2849 2955,2850 2955,2860 2955,2860 3069,2861 3071,2859 3071,2858 3072,2857 3133,2857 3134,2856 3134,2850 3135,2849 3135,2848 3136,2848 3137,2848 3138,2847 3140,2847 3141,2846 3142,2846 3143,2845 3191,2845 3192,2844 3199,2844 3199,2843 3199,2840 3200,2840 3200,2840 3200,2841 3201,2842 3204,2842 3205,2843 3300,2843 3300,2844 3300,2846 3301,2846 3307,2846 3308,2847 3309,2847 3310,2849 3310,2868 3310,2868 3493,2868 3494,2867 3564,2868 3565,2867 3566,2867 3568,2865 3598,2865 3599,2864 3599,2845 3600,2845 3612,2845 3612,2845 3612,2866 3612,2867 3625,2867 3626,2868 3628,2868 3629,2868 3629,2870 3630,2872 3631,2872 3632,2873 3634,2873 3635,2874 3636,2874 3638,2875 3638,2901 3637,2902 3637,2917 3636,2918 3636,2919 3635,2920 3635,2921 3631,2925 3631,2927 3628,2930 3627,2930 3627,2930 3627,2931 3625,2933 3604,2933 3604,2933 3604,2938 3603,2939 3603,2945 3601,2947 3593,2947 3593,2947 3593,2949 3592,2950 3481,2949 3480,2948 3394,2948 3355,2948 3354,2949 3353,2949 3352,2950 3348,2950 3347,2949 3321,2949 3321,2949 3321,2931 3320,2930 3202,2930 3201,2931 3200,2931 3199,2932 3198,2932 3197,2933 3162,2933 3162,2933 3162,2950 3160,2952"/>
        <TextEquiv index="0">
          <Unicode>&#383;chen Banck den Vor&#383;itz hat / Umbgang zu</Unicode>
        </TextEquiv>
        <TextEquiv index="1">
          <Unicode>&#383;chen Banck den Vor&#383;itz hat / Umbgang zu</Unicode>
        </TextEquiv>
      </TextLine>
      <TextLine id="l76">
        <Coords points="2794,3056 2793,3054 2793,3053 2792,3052 2792,3047 2791,3047 2730,3047 2729,3046 2726,3046 2724,3043 2724,3036 2723,3036 2567,3035 2565,3033 2415,3033 2414,3034 2408,3034 2407,3035 2301,3035 2298,3038 2298,3039 2296,3041 2295,3041 2292,3044 2291,3044 2291,3044 2291,3045 2288,3048 2286,3048 2285,3049 2283,3049 2282,3050 2279,3050 2277,3047 2277,3031 2276,3031 2089,3030 2089,3031 2089,3032 2087,3033 2086,3033 2085,3034 2083,3034 2082,3036 2082,3037 2081,3038 2081,3039 2078,3041 2072,3041 2072,3042 2072,3043 2071,3044 2071,3049 2070,3050 2070,3051 2069,3051 2066,3051 2065,3050 2065,3049 2063,3047 1963,3047 1962,3046 1960,3046 1959,3045 1959,3044 1958,3043 1954,3043 1953,3042 1951,3042 1950,3041 1950,3038 1947,3035 1947,3034 1946,3033 1946,3030 1945,3029 1944,3029 1943,3028 1943,3026 1942,3025 1942,3024 1943,3023 1943,3022 1944,3021 1944,2973 1943,2972 1944,2971 1944,2967 1945,2966 1945,2962 1946,2961 1946,2960 1947,2958 1948,2958 1951,2955 1953,2955 1955,2954 1955,2952 1955,2951 1958,2951 1959,2951 1959,2950 1960,2948 1962,2948 1963,2947 1964,2947 1965,2946 1966,2946 1967,2945 1974,2945 1975,2946 1985,2946 1986,2947 1990,2947 1991,2948 2088,2948 2089,2949 2091,2949 2092,2950 2093,2950 2094,2951 2095,2951 2098,2954 2099,2954 2100,2955 2120,2955 2122,2957 2122,2971 2122,2972 2229,2972 2230,2973 2356,2973 2357,2973 2357,2971 2358,2970 2358,2969 2359,2968 2359,2967 2360,2965 2361,2965 2363,2964 2363,2963 2364,2962 2364,2961 2366,2958 2367,2958 2368,2957 2370,2957 2373,2954 2375,2954 2378,2951 2382,2951 2384,2949 2389,2949 2390,2948 2393,2948 2394,2947 2396,2947 2398,2949 2408,2949 2409,2950 2411,2950 2412,2951 2418,2951 2419,2952 2444,2952 2445,2953 2445,2966 2445,2966 2582,2967 2583,2966 2583,2964 2587,2960 2588,2960 2589,2959 2590,2959 2591,2959 2591,2960 2593,2962 2593,2963 2594,2965 2595,2965 2596,2965 2596,2966 2596,2967 2597,2967 2598,2968 2599,2968 2600,2969 2725,2969 2726,2968 2728,2968 2729,2967 2729,2961 2731,2959 2733,2959 2735,2957 2735,2956 2735,2956 2737,2956 2738,2955 2741,2955 2742,2954 2745,2954 2746,2955 2799,2955 2800,2954 2800,2951 2800,2951 2801,2951 2801,2958 2801,2959 2818,2959 2819,2960 2819,2975 2819,2975 2859,2975 2862,2978 2862,2979 2863,2980 2863,2985 2864,2986 2864,3012 2864,3012 2878,3012 2879,3013 2880,3013 2884,3017 3007,3017 3008,3017 3008,2974 3007,2973 2988,2973 2987,2972 2987,2971 3001,2971 3002,2971 3002,2964 3003,2963 3003,2962 3008,2956 3009,2956 3010,2955 3011,2955 3013,2953 3060,2954 3061,2953 3150,2953 3151,2952 3152,2952 3153,2953 3154,2953 3155,2953 3155,2970 3155,2971 3256,2971 3258,2969 3258,2967 3258,2967 3260,2967 3261,2966 3262,2966 3263,2965 3264,2965 3265,2964 3265,2963 3265,2963 3267,2963 3268,2964 3268,2970 3268,2970 3415,2970 3416,2969 3417,2969 3418,2968 3419,2968 3420,2968 3420,2967 3421,2966 3421,2965 3421,2964 3424,2961 3425,2961 3428,2958 3429,2958 3430,2957 3437,2957 3438,2958 3446,2958 3447,2959 3448,2959 3449,2960 3452,2960 3453,2961 3577,2962 3578,2961 3595,2961 3596,2960 3601,2960 3604,2962 3604,2964 3605,2965 3605,2982 3605,2983 3636,2983 3638,2984 3638,2990 3639,2991 3639,3006 3640,3007 3640,3014 3639,3015 3639,3018 3638,3019 3637,3019 3637,3019 3637,3020 3635,3022 3634,3022 3634,3022 3634,3023 3633,3024 3630,3024 3628,3026 3627,3026 3622,3031 3621,3031 3620,3032 3619,3032 3619,3032 3619,3033 3613,3039 3597,3039 3596,3040 3538,3040 3537,3041 3470,3040 3469,3041 3468,3041 3467,3040 3368,3040 3367,3039 3144,3039 3143,3040 3071,3040 3070,3041 3037,3040 3037,3041 3037,3042 3036,3042 3035,3042 3032,3045 3031,3045 3029,3043 3029,3042 3025,3038 3024,3038 3023,3037 3022,3037 3021,3036 3018,3036 3017,3035 3015,3035 3014,3034 3011,3034 3010,3033 2887,3033 2887,3034 2887,3036 2882,3040 2811,3040 2807,3044 2807,3045 2806,3046 2806,3047 2805,3048 2805,3050 2804,3051 2804,3052 2801,3055 2798,3055 2797,3056"/>
        <TextEquiv index="0">
          <Unicode>Fu&#223; von 3. Stunden &#383;eye. Unter den Boll&#11799;</Unicode>
        </TextEquiv>
        <TextEquiv index="1">
          <Unicode>Fu&#223; von 3. Stunden &#383;eye. Unter den Boll&#11799;</Unicode>
        </TextEquiv>
      </TextLine>
      <TextLine id="l77">
        <Coords points="3581,3173 3581,3152 3581,3152 3576,3152 3574,3150 3574,3149 3574,3149 3480,3148 3478,3150 3477,3150 3475,3152 3474,3152 3473,3153 3472,3153 3471,3153 3471,3152 3471,3151 3447,3151 3446,3150 3445,3150 3443,3148 3363,3148 3359,3152 3338,3152 3337,3153 3337,3156 3335,3158 3335,3168 3334,3169 3331,3169 3330,3168 3326,3168 3324,3167 3324,3157 3324,3156 3300,3156 3299,3156 3299,3152 3299,3151 3298,3151 3297,3151 3297,3148 3297,3147 3188,3147 3187,3147 3187,3148 3186,3150 3127,3150 3126,3150 3126,3158 3125,3160 3124,3160 3123,3160 3123,3162 3122,3163 3122,3164 3122,3165 3120,3165 3119,3166 3116,3166 3114,3164 3113,3164 3112,3163 3111,3163 3110,3162 3109,3161 3109,3159 3108,3158 3106,3158 3105,3157 3105,3148 3105,3148 3095,3148 3093,3146 2907,3145 2906,3146 2906,3162 2905,3163 2901,3163 2900,3164 2892,3164 2891,3165 2886,3165 2885,3165 2885,3163 2885,3162 2884,3162 2883,3161 2819,3161 2818,3160 2817,3160 2816,3160 2816,3156 2815,3155 2815,3145 2815,3144 2748,3144 2747,3143 2726,3143 2724,3141 2639,3141 2638,3142 2596,3142 2595,3142 2595,3143 2594,3144 2594,3145 2593,3146 2593,3148 2592,3149 2592,3150 2591,3151 2591,3152 2589,3154 2589,3155 2586,3159 2582,3159 2580,3161 2579,3160 2578,3161 2576,3161 2575,3162 2575,3163 2575,3163 2569,3163 2568,3162 2567,3162 2565,3160 2561,3160 2557,3156 2556,3156 2554,3155 2554,3154 2553,3153 2553,3144 2553,3143 2486,3143 2485,3142 2434,3142 2433,3142 2433,3140 2433,3139 2343,3139 2342,3140 2319,3140 2318,3140 2318,3145 2317,3146 2317,3158 2315,3161 2311,3161 2308,3158 2308,3156 2307,3155 2307,3151 2306,3150 2306,3141 2306,3141 2227,3141 2226,3142 2225,3142 2224,3143 2223,3143 2222,3142 2222,3141 2222,3141 2134,3141 2133,3142 2031,3141 2029,3143 1984,3143 1982,3141 1980,3141 1979,3140 1951,3140 1949,3139 1949,3134 1948,3132 1947,3132 1946,3132 1946,3131 1945,3130 1945,3087 1947,3085 1947,3084 1949,3082 1949,3081 1950,3080 1951,3080 1952,3079 1953,3079 1954,3080 1957,3080 1958,3081 2038,3081 2039,3080 2107,3080 2108,3079 2119,3079 2120,3079 2120,3063 2120,3062 2124,3063 2125,3062 2125,3061 2126,3060 2129,3060 2130,3059 2131,3059 2133,3057 2134,3058 2135,3058 2136,3059 2137,3059 2137,3060 2137,3061 2148,3061 2153,3066 2154,3066 2155,3066 2155,3078 2155,3079 2225,3079 2226,3080 2228,3080 2229,3081 2291,3081 2291,3080 2292,3068 2293,3067 2293,3066 2293,3066 2319,3066 2320,3065 2322,3065 2324,3063 2328,3063 2332,3059 2333,3059 2334,3058 2335,3058 2338,3061 2339,3061 2340,3062 2345,3062 2347,3063 2347,3064 2347,3065 2348,3065 2349,3066 2352,3066 2354,3068 2353,3081 2354,3081 2441,3081 2441,3081 2442,3067 2444,3064 2448,3064 2449,3065 2448,3082 2449,3082 2488,3082 2490,3084 2491,3084 2491,3085 2491,3086 2493,3087 2572,3087 2574,3085 2575,3085 2576,3084 2576,3082 2578,3080 2581,3081 2582,3082 2659,3082 2660,3083 2676,3083 2678,3085 2768,3085 2770,3083 2814,3083 2814,3083 2815,3074 2821,3068 2821,3067 2821,3066 2823,3066 2826,3063 2829,3063 2830,3062 2832,3062 2833,3061 2837,3061 2838,3062 2839,3062 2841,3064 2841,3065 2842,3066 2890,3066 2892,3068 2900,3068 2901,3069 2902,3069 2903,3070 2903,3071 2904,3072 2903,3084 2904,3084 3004,3084 3004,3084 3005,3079 3007,3077 3007,3076 3009,3073 3011,3073 3014,3070 3015,3070 3017,3068 3021,3068 3022,3069 3108,3070 3109,3071 3110,3071 3112,3072 3111,3085 3112,3086 3161,3086 3162,3087 3195,3087 3196,3088 3290,3088 3290,3088 3290,3087 3291,3086 3326,3086 3326,3086 3326,3084 3327,3083 3328,3080 3329,3078 3330,3078 3332,3076 3333,3076 3334,3076 3334,3075 3338,3070 3341,3070 3342,3069 3343,3069 3344,3068 3426,3068 3428,3066 3439,3066 3440,3065 3442,3065 3443,3064 3445,3064 3446,3065 3450,3065 3451,3066 3479,3066 3480,3067 3482,3067 3483,3068 3483,3069 3484,3070 3483,3088 3484,3088 3554,3089 3555,3090 3604,3090 3605,3091 3622,3091 3623,3092 3624,3092 3625,3093 3625,3096 3626,3097 3627,3097 3629,3099 3631,3099 3635,3103 3635,3113 3634,3114 3634,3125 3633,3126 3633,3129 3631,3131 3631,3132 3630,3133 3630,3134 3627,3137 3627,3138 3623,3143 3622,3143 3620,3145 3619,3145 3617,3146 3617,3147 3614,3151 3613,3151 3612,3152 3583,3152 3582,3152 3582,3173 3582,3174"/>
        <TextEquiv index="0">
          <Unicode>wercken i&#383;t ein gar an&#383;ehenliches er&#383;t Anno</Unicode>
        </TextEquiv>
        <TextEquiv index="1">
          <Unicode>wercken i&#383;t ein gar an&#383;ehenliches er&#383;t Anno</Unicode>
        </TextEquiv>
      </TextLine>
      <TextLine id="l78">
        <Coords points="3574,3284 3574,3278 3573,3277 3573,3276 3572,3275 3572,3263 3572,3263 3363,3262 3362,3263 3362,3281 3362,3281 3328,3281 3326,3283 3325,3283 3324,3282 3321,3282 3319,3280 3318,3280 3316,3279 3316,3264 3316,3263 3173,3263 3171,3265 3170,3265 3169,3264 3169,3260 3169,3260 3017,3259 3014,3262 3013,3262 3011,3264 3010,3264 3009,3265 3009,3266 3008,3267 3008,3268 3008,3268 3007,3268 3006,3269 3000,3269 2998,3271 2998,3276 2995,3279 2994,3278 2991,3278 2990,3278 2990,3259 2990,3258 2920,3258 2919,3257 2889,3257 2888,3256 2887,3256 2883,3253 2883,3252 2881,3249 2880,3249 2879,3248 2877,3248 2876,3247 2875,3247 2874,3246 2872,3246 2871,3245 2869,3245 2868,3244 2867,3244 2866,3243 2865,3243 2864,3242 2863,3242 2861,3240 2731,3240 2730,3240 2730,3242 2727,3246 2726,3246 2725,3247 2708,3247 2705,3249 2705,3250 2704,3252 2703,3252 2702,3252 2702,3253 2702,3254 2700,3254 2699,3255 2696,3252 2565,3251 2564,3252 2142,3252 2139,3254 2139,3255 2138,3257 2057,3256 2056,3257 2056,3261 2056,3261 2055,3261 2052,3264 2052,3265 2046,3271 2044,3271 2043,3272 2033,3272 2030,3270 2030,3253 2030,3252 1964,3252 1963,3251 1947,3251 1946,3250 1945,3250 1943,3249 1943,3205 1945,3203 1951,3203 1952,3202 1954,3202 1956,3200 1988,3200 1989,3199 1989,3198 1996,3191 1997,3191 2001,3187 2002,3187 2003,3186 2004,3186 2005,3185 2006,3185 2008,3183 2009,3183 2011,3181 2014,3181 2015,3180 2016,3181 2017,3181 2020,3185 2020,3194 2021,3194 2172,3195 2173,3193 2173,3192 2174,3192 2176,3192 2177,3191 2179,3191 2180,3190 2192,3190 2192,3189 2192,3181 2193,3181 2230,3181 2231,3180 2232,3180 2233,3178 2233,3176 2236,3174 2237,3174 2241,3170 2243,3170 2244,3169 2248,3169 2249,3170 2250,3170 2250,3170 2250,3171 2251,3172 2251,3189 2252,3190 2389,3190 2390,3189 2409,3189 2413,3185 2419,3185 2420,3186 2422,3186 2422,3187 2422,3189 2423,3189 2453,3189 2456,3192 2590,3193 2590,3192 2590,3189 2591,3188 2591,3184 2593,3183 2594,3183 2595,3181 2595,3180 2597,3179 2598,3179 2599,3178 2600,3178 2600,3178 2600,3183 2601,3184 2602,3184 2602,3184 2602,3185 2605,3188 2607,3188 2607,3188 2607,3189 2608,3190 2614,3190 2615,3191 2619,3191 2620,3192 2659,3192 2660,3193 2678,3193 2679,3194 2703,3194 2708,3199 2708,3200 2709,3201 2709,3203 2710,3204 2710,3230 2711,3231 2726,3231 2727,3232 2728,3232 2729,3233 2857,3233 2857,3233 2857,3188 2858,3187 2858,3186 2859,3185 2859,3184 2862,3181 2864,3181 2865,3180 2867,3180 2868,3179 2869,3179 2871,3177 2871,3175 2874,3172 2876,3172 2877,3171 2886,3171 2886,3171 2886,3166 2887,3165 2888,3165 2888,3166 2888,3170 2890,3171 2894,3171 2895,3172 2932,3172 2933,3173 2935,3173 2936,3175 2936,3176 2937,3176 3020,3176 3022,3178 3023,3178 3024,3179 3026,3179 3028,3182 3028,3184 3029,3184 3072,3185 3073,3186 3073,3188 3074,3189 3076,3189 3079,3192 3081,3192 3083,3194 3084,3194 3085,3195 3086,3195 3087,3196 3089,3196 3090,3197 3091,3197 3092,3198 3221,3198 3221,3197 3221,3193 3222,3192 3222,3190 3223,3189 3223,3187 3225,3186 3226,3186 3227,3185 3228,3185 3232,3181 3233,3181 3237,3177 3238,3177 3240,3175 3255,3175 3256,3174 3265,3174 3266,3175 3271,3175 3272,3176 3273,3176 3275,3178 3304,3178 3305,3180 3305,3181 3306,3181 3331,3181 3332,3182 3337,3182 3339,3184 3340,3184 3340,3185 3340,3200 3341,3200 3553,3201 3554,3200 3556,3200 3556,3199 3556,3191 3557,3190 3557,3189 3558,3189 3559,3189 3559,3188 3559,3187 3560,3187 3561,3186 3562,3186 3563,3185 3587,3185 3590,3182 3591,3182 3592,3181 3593,3181 3594,3180 3597,3180 3598,3179 3603,3179 3604,3178 3606,3178 3609,3181 3611,3181 3612,3182 3612,3183 3613,3184 3623,3184 3623,3184 3623,3185 3625,3187 3625,3265 3626,3266 3631,3266 3632,3267 3632,3268 3631,3268 3630,3269 3628,3269 3625,3271 3625,3272 3624,3274 3584,3274 3583,3274 3583,3278 3582,3280 3576,3280 3575,3280 3575,3284 3575,3285"/>
        <TextEquiv index="0">
          <Unicode>1632. erbauet worden. Au&#223; den Thoren i&#383;t</Unicode>
        </TextEquiv>
        <TextEquiv index="1">
          <Unicode>1632. erbauet worden. Au&#223; den Thoren i&#383;t</Unicode>
        </TextEquiv>
      </TextLine>
      <TextLine id="l79">
        <Coords points="3484,3393 3484,3371 3483,3370 3446,3370 3446,3371 3446,3382 3444,3384 3444,3385 3441,3387 3438,3387 3437,3388 3433,3388 3432,3387 3431,3387 3430,3386 3430,3385 3429,3384 3427,3384 3427,3384 3427,3383 3426,3382 3334,3382 3334,3382 3334,3370 3333,3369 3194,3369 3193,3370 3020,3369 3018,3371 3014,3371 3014,3371 3014,3369 3013,3368 2857,3368 2857,3369 2857,3385 2854,3387 2851,3387 2850,3388 2834,3388 2832,3386 2831,3386 2830,3385 2830,3384 2829,3383 2829,3368 2828,3367 2804,3367 2803,3366 2780,3366 2779,3365 2675,3365 2674,3364 2507,3363 2507,3364 2507,3379 2505,3380 2501,3380 2500,3381 2444,3381 2444,3382 2444,3384 2443,3384 2420,3384 2419,3383 2418,3383 2417,3382 2231,3382 2230,3381 2228,3381 2227,3379 2227,3378 2226,3377 2226,3366 2225,3366 1954,3365 1953,3364 1952,3364 1951,3363 1948,3363 1945,3360 1944,3360 1943,3359 1942,3359 1942,3359 1942,3358 1941,3357 1941,3356 1940,3355 1940,3354 1939,3353 1940,3352 1940,3323 1941,3322 1941,3300 1943,3298 1943,3297 1944,3296 1944,3294 1946,3292 1950,3292 1951,3291 2000,3291 2000,3291 2000,3288 2002,3286 2068,3286 2070,3284 2072,3284 2072,3284 2072,3283 2074,3281 2075,3281 2076,3280 2078,3280 2079,3279 2084,3279 2085,3278 2108,3278 2109,3277 2117,3277 2118,3276 2133,3277 2134,3276 2136,3276 2137,3277 2163,3277 2164,3278 2167,3278 2171,3282 2422,3282 2423,3281 2424,3281 2426,3279 2432,3279 2433,3278 2466,3278 2467,3277 2523,3277 2524,3278 2528,3278 2531,3281 2533,3281 2534,3282 2537,3282 2537,3283 2537,3284 2538,3285 2538,3291 2539,3291 2662,3292 2664,3290 2665,3290 2667,3288 2668,3288 2668,3287 2668,3286 2671,3284 2674,3284 2675,3283 2676,3283 2677,3282 2678,3282 2679,3281 2805,3281 2806,3282 2808,3282 2809,3283 2810,3283 2812,3285 2844,3285 2845,3286 2851,3286 2854,3289 2855,3289 2856,3291 2856,3299 2857,3299 2971,3299 2974,3302 3157,3303 3157,3302 3157,3300 3159,3298 3159,3297 3160,3297 3162,3297 3162,3296 3162,3294 3163,3294 3164,3294 3165,3293 3166,3293 3167,3292 3168,3292 3169,3291 3170,3291 3171,3290 3174,3290 3176,3292 3176,3293 3177,3294 3259,3294 3259,3294 3259,3300 3263,3304 3264,3304 3265,3305 3268,3305 3270,3307 3271,3307 3273,3309 3274,3309 3274,3310 3409,3310 3410,3310 3410,3301 3411,3300 3415,3300 3416,3299 3420,3299 3421,3298 3421,3296 3424,3293 3427,3293 3428,3292 3430,3292 3431,3293 3432,3293 3435,3297 3435,3309 3436,3309 3580,3310 3580,3309 3580,3304 3584,3300 3584,3299 3585,3298 3585,3297 3590,3293 3591,3293 3594,3290 3596,3290 3597,3289 3600,3289 3601,3290 3601,3314 3601,3315 3630,3315 3631,3316 3632,3316 3633,3316 3633,3318 3635,3320 3635,3325 3634,3326 3634,3327 3633,3328 3633,3345 3632,3346 3632,3347 3631,3348 3631,3350 3629,3352 3628,3352 3628,3352 3628,3353 3627,3354 3627,3355 3626,3356 3624,3356 3622,3358 3621,3358 3619,3360 3617,3360 3613,3364 3610,3364 3608,3366 3607,3366 3605,3368 3604,3368 3604,3368 3604,3369 3603,3370 3588,3370 3587,3371 3586,3371 3585,3372 3582,3372 3581,3371 3485,3370 3485,3371 3485,3393 3484,3393"/>
        <TextEquiv index="0">
          <Unicode>die Weyher&#11799;Pfort ber&#252;hmt / als durch wel&#11799;</Unicode>
        </TextEquiv>
        <TextEquiv index="1">
          <Unicode>die Weyher&#11799;Pfort ber&#252;hmt / als durch wel&#11799;</Unicode>
        </TextEquiv>
      </TextLine>
      <TextLine id="l80">
        <Coords points="3459,3505 3459,3505 3459,3504 3458,3503 3377,3503 3376,3502 3376,3501 3375,3500 3375,3492 3374,3491 3213,3491 3213,3491 3213,3493 3212,3494 3212,3495 3210,3497 3209,3497 3207,3499 3206,3499 3204,3501 3200,3501 3199,3500 3194,3500 3193,3498 3193,3496 3192,3496 3191,3496 3191,3495 3191,3479 3190,3479 3000,3478 3000,3479 3000,3498 2999,3499 2999,3500 2997,3501 2994,3501 2993,3500 2992,3500 2990,3498 2990,3496 2989,3495 2989,3479 2988,3478 2831,3478 2830,3479 2829,3479 2828,3480 2732,3480 2731,3481 2730,3481 2729,3480 2728,3480 2728,3479 2728,3478 2727,3477 2727,3476 2726,3476 2628,3476 2627,3475 2479,3474 2478,3475 2397,3475 2397,3476 2397,3484 2396,3485 2396,3487 2395,3488 2395,3489 2394,3489 2392,3489 2391,3490 2387,3490 2386,3491 2384,3491 2383,3490 2379,3490 2377,3488 2376,3488 2375,3487 2375,3486 2374,3485 2374,3475 2373,3474 2157,3474 2157,3474 2157,3481 2156,3482 2156,3485 2155,3486 2155,3487 2153,3489 2148,3489 2147,3490 2146,3490 2145,3488 2145,3487 2144,3487 2015,3486 2015,3487 2015,3488 2014,3489 2014,3490 2010,3493 2006,3493 2005,3494 1999,3494 1998,3493 1996,3493 1992,3489 1992,3477 1991,3476 1980,3476 1979,3475 1953,3475 1952,3474 1950,3474 1948,3472 1948,3470 1946,3468 1945,3468 1943,3466 1943,3463 1942,3462 1942,3461 1941,3460 1941,3450 1942,3449 1942,3437 1943,3436 1943,3433 1944,3432 1944,3430 1945,3428 1946,3428 1947,3428 1947,3426 1949,3423 1950,3423 1951,3422 1952,3422 1955,3420 1955,3419 1955,3418 1956,3418 1958,3416 1959,3416 1960,3415 1961,3415 1962,3414 1972,3414 1973,3414 1973,3404 1973,3403 1976,3403 1977,3402 1978,3402 1981,3399 1982,3399 1984,3397 1985,3397 1986,3396 1987,3396 1988,3395 1992,3395 1993,3395 1993,3394 1993,3393 1995,3393 1997,3395 1998,3395 2000,3397 2000,3398 2001,3399 2001,3400 2002,3401 2002,3403 2002,3403 2130,3404 2133,3401 2146,3401 2149,3398 2149,3397 2155,3391 2157,3391 2158,3390 2160,3390 2161,3389 2163,3389 2164,3388 2165,3388 2166,3387 2167,3387 2168,3388 2170,3388 2171,3389 2173,3389 2176,3392 2177,3392 2179,3394 2180,3394 2182,3395 2182,3411 2182,3412 2354,3412 2355,3412 2355,3401 2356,3399 2362,3399 2364,3398 2364,3397 2365,3395 2368,3395 2369,3394 2370,3394 2371,3393 2430,3393 2433,3390 2436,3390 2437,3389 2438,3389 2439,3388 2441,3388 2442,3387 2444,3387 2445,3386 2463,3386 2465,3388 2469,3388 2470,3389 2503,3389 2504,3390 2598,3391 2599,3392 2788,3392 2789,3391 2791,3391 2792,3390 2798,3390 2799,3389 2812,3389 2813,3390 2815,3390 2816,3391 2817,3391 2818,3392 2819,3392 2820,3393 2821,3393 2822,3394 2823,3394 2824,3395 2826,3395 2827,3396 2828,3396 2829,3397 2830,3397 2831,3398 2918,3398 2921,3401 2921,3407 2921,3407 3132,3408 3133,3407 3134,3407 3136,3405 3192,3405 3193,3404 3193,3401 3193,3401 3194,3401 3195,3400 3197,3400 3198,3399 3199,3399 3200,3398 3201,3398 3202,3397 3203,3397 3204,3396 3212,3396 3213,3397 3242,3397 3243,3398 3245,3398 3249,3401 3249,3402 3249,3403 3395,3403 3396,3403 3396,3402 3397,3400 3493,3400 3494,3399 3496,3400 3498,3398 3499,3398 3500,3397 3504,3397 3506,3399 3507,3399 3508,3400 3575,3400 3576,3401 3581,3401 3582,3402 3585,3402 3586,3403 3593,3403 3596,3405 3596,3424 3596,3425 3633,3425 3635,3426 3635,3430 3636,3431 3636,3439 3635,3440 3635,3455 3633,3457 3633,3458 3632,3459 3632,3462 3630,3464 3629,3464 3627,3466 3625,3466 3624,3467 3623,3467 3622,3468 3621,3468 3620,3469 3619,3469 3617,3471 3617,3472 3615,3474 3614,3474 3613,3475 3612,3475 3611,3476 3609,3476 3608,3477 3593,3477 3593,3477 3593,3499 3591,3501 3590,3501 3589,3502 3586,3502 3585,3503 3584,3503 3583,3504 3462,3503 3462,3504 3462,3505 3461,3505"/>
        <TextEquiv index="0">
          <Unicode>ches / &#383;o nach Tolbiak / Trier / und Pari&#223; / f&#252;h&#11799;</Unicode>
        </TextEquiv>
        <TextEquiv index="1">
          <Unicode>ches / &#383;o nach Tolbiak / Trier / und Pari&#223; / f&#252;h&#11799;</Unicode>
        </TextEquiv>
      </TextLine>
      <TextLine id="l81">
        <Coords points="3565,3617 3565,3607 3565,3607 3549,3607 3547,3609 3546,3609 3545,3609 3545,3610 3544,3612 3542,3612 3541,3613 3538,3613 3537,3614 3528,3614 3526,3612 3524,3612 3521,3609 3521,3598 3521,3598 3412,3597 3411,3596 3410,3596 3409,3595 3405,3595 3403,3593 3401,3593 3400,3592 3399,3592 3398,3591 3275,3591 3274,3590 3222,3590 3221,3590 3221,3612 3220,3613 3220,3614 3220,3615 3207,3615 3205,3613 3204,3613 3203,3612 3198,3612 3197,3611 3196,3611 3195,3610 3193,3610 3192,3609 3192,3608 3191,3607 3098,3607 3096,3605 3096,3604 3095,3603 3095,3601 3094,3600 3094,3593 3094,3593 2889,3592 2888,3593 2888,3601 2883,3606 2839,3606 2837,3608 2832,3608 2831,3607 2830,3607 2828,3605 2827,3605 2826,3605 2826,3589 2826,3588 2801,3588 2800,3587 2745,3587 2744,3586 2711,3586 2710,3585 2541,3584 2540,3585 2540,3602 2539,3603 2539,3604 2539,3604 2538,3604 2537,3605 2536,3605 2535,3606 2529,3606 2528,3605 2519,3605 2518,3604 2515,3604 2514,3603 2513,3603 2512,3602 2511,3602 2510,3602 2510,3586 2510,3585 2440,3585 2438,3583 2313,3583 2312,3582 2174,3582 2173,3583 2172,3583 2171,3584 2094,3583 2093,3584 2047,3584 2041,3590 2041,3591 2041,3591 2039,3591 2038,3591 2038,3587 2038,3586 1946,3586 1944,3585 1944,3584 1938,3578 1938,3576 1937,3575 1938,3537 1937,3536 1937,3534 1938,3533 1938,3532 1939,3531 1939,3530 1940,3529 1940,3528 1942,3525 1944,3525 1945,3524 1947,3524 1948,3523 2020,3523 2022,3521 2023,3521 2024,3520 2026,3520 2027,3519 2029,3519 2030,3518 2064,3518 2065,3518 2065,3517 2068,3513 2122,3514 2123,3513 2123,3511 2124,3510 2124,3509 2125,3508 2125,3507 2127,3505 2147,3505 2148,3504 2148,3502 2148,3502 2149,3502 2149,3522 2149,3523 2351,3523 2353,3521 2409,3521 2410,3520 2503,3520 2504,3520 2504,3513 2505,3512 2505,3511 2505,3510 2510,3510 2511,3510 2511,3509 2512,3507 2513,3507 2516,3504 2518,3504 2519,3503 2564,3503 2565,3502 2571,3502 2572,3503 2572,3514 2572,3514 2704,3515 2705,3514 2705,3512 2707,3510 2707,3509 2708,3508 2708,3507 2711,3504 2712,3504 2715,3501 2716,3501 2717,3500 2719,3500 2720,3499 2723,3499 2724,3498 2729,3498 2730,3497 2742,3497 2743,3498 2745,3498 2746,3498 2746,3499 2746,3500 2747,3500 2748,3501 2749,3501 2751,3503 2752,3503 2753,3504 2803,3504 2804,3505 2806,3505 2809,3508 2893,3508 2894,3509 2901,3509 2902,3510 2904,3510 2906,3512 3034,3512 3036,3510 3037,3512 3208,3512 3209,3513 3211,3513 3212,3514 3213,3514 3215,3515 3215,3522 3215,3523 3379,3523 3380,3523 3380,3522 3381,3521 3381,3520 3383,3518 3383,3517 3384,3516 3384,3515 3385,3513 3386,3513 3387,3512 3388,3512 3389,3511 3391,3511 3392,3510 3393,3510 3394,3509 3395,3509 3396,3508 3399,3508 3400,3507 3420,3507 3421,3506 3423,3506 3424,3505 3430,3505 3431,3504 3433,3504 3434,3505 3529,3506 3530,3506 3530,3510 3530,3511 3531,3511 3532,3512 3538,3512 3539,3513 3540,3513 3541,3513 3541,3514 3542,3516 3545,3516 3546,3516 3546,3522 3546,3523 3629,3523 3631,3524 3631,3525 3633,3527 3632,3579 3631,3580 3631,3581 3631,3582 3630,3582 3629,3582 3629,3584 3627,3587 3624,3587 3623,3587 3623,3588 3620,3591 3620,3592 3619,3594 3605,3594 3604,3594 3604,3606 3604,3607 3567,3607 3566,3607 3566,3617 3566,3618"/>
        <TextEquiv index="0">
          <Unicode>ret / ein neuerwehlter K&#228;y&#383;er einziehet. Es hat</Unicode>
        </TextEquiv>
        <TextEquiv index="1">
          <Unicode>ret / ein neuerwehlter K&#228;y&#383;er einziehet. Es hat</Unicode>
        </TextEquiv>
      </TextLine>
      <TextLine id="l82">
        <Coords points="3303,3720 3301,3718 3300,3718 3295,3714 3295,3713 3294,3712 3294,3704 3294,3703 3170,3703 3169,3702 3161,3702 3160,3701 3158,3701 3157,3700 3007,3699 3006,3700 3002,3700 3000,3698 2858,3698 2857,3699 2857,3711 2855,3713 2855,3714 2855,3714 2854,3714 2853,3715 2851,3715 2850,3716 2847,3716 2846,3717 2843,3717 2840,3714 2837,3714 2834,3712 2834,3701 2834,3700 2740,3700 2738,3698 2738,3697 2738,3697 2639,3697 2638,3696 2506,3695 2505,3694 2477,3694 2476,3693 2278,3693 2277,3694 2275,3694 2270,3699 2267,3699 2265,3701 2261,3701 2260,3702 2258,3702 2256,3704 2255,3704 2254,3705 2253,3704 2238,3704 2237,3703 2233,3703 2232,3702 2229,3702 2226,3699 2223,3699 2222,3698 2219,3698 2218,3697 2217,3697 2214,3694 2073,3693 2072,3694 2005,3694 2004,3695 2001,3695 2000,3696 1948,3696 1945,3694 1945,3693 1944,3692 1944,3691 1943,3689 1941,3689 1940,3689 1940,3688 1939,3687 1939,3684 1940,3683 1940,3646 1941,3645 1941,3643 1945,3639 1946,3639 1947,3638 1948,3638 1950,3636 1954,3636 1954,3636 1954,3621 1956,3619 2066,3619 2066,3620 2066,3627 2067,3627 2072,3627 2073,3628 2203,3629 2204,3627 2204,3626 2208,3623 2209,3623 2211,3620 2211,3619 2212,3619 2213,3619 2215,3617 2216,3617 2217,3616 2218,3616 2219,3615 2220,3615 2222,3613 2223,3613 2224,3612 2233,3612 2234,3611 2238,3611 2239,3610 2240,3610 2241,3609 2254,3609 2255,3610 2259,3610 2260,3611 2283,3611 2284,3612 2285,3612 2286,3613 2286,3618 2287,3619 2381,3619 2382,3621 2382,3624 2383,3624 2503,3624 2503,3624 2503,3613 2504,3612 2504,3613 2504,3616 2505,3616 2519,3616 2521,3619 2521,3622 2522,3623 2522,3633 2523,3633 2613,3634 2614,3633 2677,3633 2677,3632 2677,3630 2678,3629 2678,3628 2680,3626 2680,3625 2684,3621 2684,3620 2688,3617 2689,3617 2690,3616 2692,3616 2693,3615 2694,3615 2696,3613 2697,3613 2698,3612 2735,3612 2736,3611 2738,3611 2740,3613 2741,3613 2742,3614 2743,3614 2743,3614 2743,3615 2744,3616 2744,3617 2745,3618 2837,3618 2839,3620 2842,3620 2843,3621 2844,3621 2844,3622 2844,3632 2845,3632 3010,3632 3010,3632 3010,3631 3011,3630 3011,3627 3015,3623 3124,3624 3125,3623 3126,3623 3128,3621 3132,3621 3133,3620 3142,3620 3143,3621 3146,3621 3147,3622 3149,3622 3150,3623 3152,3623 3153,3624 3155,3624 3156,3625 3183,3625 3185,3627 3189,3627 3190,3628 3190,3629 3191,3630 3191,3631 3192,3632 3192,3633 3193,3634 3193,3635 3194,3636 3194,3640 3195,3641 3218,3641 3218,3640 3218,3615 3219,3615 3220,3615 3220,3615 3220,3640 3221,3641 3416,3641 3416,3641 3416,3636 3417,3635 3417,3634 3418,3633 3418,3632 3419,3631 3419,3630 3421,3628 3424,3628 3425,3627 3425,3626 3426,3625 3503,3626 3504,3625 3508,3625 3509,3624 3516,3624 3519,3627 3521,3627 3521,3627 3521,3640 3522,3641 3572,3641 3572,3640 3572,3623 3573,3623 3573,3623 3573,3640 3574,3641 3615,3641 3617,3643 3617,3644 3620,3647 3621,3647 3626,3652 3626,3688 3625,3689 3625,3694 3624,3695 3624,3696 3624,3697 3623,3698 3622,3698 3621,3698 3620,3699 3620,3700 3620,3701 3619,3701 3618,3701 3618,3703 3617,3705 3616,3705 3615,3706 3614,3706 3613,3707 3531,3707 3530,3707 3530,3712 3528,3714 3528,3716 3528,3717 3526,3717 3525,3718 3517,3718 3516,3717 3515,3717 3514,3716 3514,3715 3513,3714 3513,3708 3512,3707 3512,3705 3512,3705 3502,3705 3501,3704 3500,3704 3499,3703 3336,3702 3335,3703 3335,3704 3332,3707 3332,3708 3331,3709 3330,3709 3329,3710 3327,3710 3326,3711 3326,3714 3325,3715 3320,3715 3319,3716 3318,3716 3316,3718 3316,3719 3316,3719 3315,3719 3314,3720"/>
        <TextEquiv index="0">
          <Unicode>in der Stadt einen Richter in Burgerlichen</Unicode>
        </TextEquiv>
        <TextEquiv index="1">
          <Unicode>in der Stadt einen Richter in Burgerlichen</Unicode>
        </TextEquiv>
      </TextLine>
      <TextLine id="l83">
        <Coords points="3427,3835 3427,3835 3427,3810 3426,3809 3395,3809 3392,3812 3391,3812 3390,3813 3350,3813 3350,3814 3350,3815 3348,3817 3348,3821 3347,3822 3347,3823 3345,3825 3345,3829 3344,3829 3220,3829 3218,3831 3216,3831 3216,3830 3216,3828 3213,3826 3212,3826 3212,3825 3212,3813 3211,3813 3081,3813 3081,3813 3081,3823 3077,3827 3076,3827 3076,3827 3076,3828 3075,3829 3072,3829 3071,3830 3069,3830 3068,3829 3063,3829 3059,3825 2931,3824 2931,3825 2931,3826 2928,3828 2823,3828 2822,3827 2819,3827 2818,3826 2818,3825 2817,3824 2746,3824 2745,3822 2745,3820 2743,3819 2647,3819 2646,3818 2644,3818 2643,3817 2642,3817 2642,3816 2642,3815 2641,3814 2641,3811 2640,3811 2471,3810 2471,3811 2471,3812 2467,3815 2462,3815 2462,3816 2462,3817 2461,3818 2461,3819 2460,3820 2460,3824 2459,3825 2459,3826 2458,3826 2454,3826 2453,3825 2453,3805 2452,3804 2299,3804 2298,3805 2298,3813 2297,3814 2297,3819 2294,3822 2290,3822 2288,3819 2288,3805 2287,3805 2159,3805 2159,3805 2159,3815 2158,3816 2158,3817 2156,3819 2155,3819 2154,3820 2153,3820 2150,3823 2144,3823 2143,3822 2141,3822 2139,3820 2138,3820 2137,3818 2137,3809 2136,3809 2010,3808 2009,3809 2007,3809 2006,3810 2000,3810 1999,3811 1991,3811 1990,3812 1989,3812 1988,3811 1981,3811 1980,3810 1973,3810 1972,3809 1970,3809 1969,3808 1968,3808 1966,3806 1965,3806 1963,3804 1961,3804 1956,3799 1955,3799 1953,3797 1952,3797 1952,3797 1952,3796 1951,3795 1951,3794 1948,3791 1947,3791 1947,3791 1947,3789 1946,3788 1946,3787 1945,3786 1945,3785 1943,3783 1943,3782 1942,3781 1942,3780 1941,3779 1941,3773 1940,3772 1940,3759 1941,3758 1942,3758 1942,3758 1942,3754 1943,3753 1943,3752 1945,3750 1945,3749 1946,3748 1946,3746 1947,3745 1947,3743 1948,3742 1948,3741 1949,3740 1950,3740 1950,3740 1950,3739 1953,3736 1954,3736 1955,3735 1957,3735 1960,3732 1962,3732 1966,3728 1967,3728 1968,3727 1969,3727 1970,3726 1974,3726 1976,3724 1984,3724 1985,3723 1988,3723 1989,3722 1998,3722 2000,3724 2034,3724 2035,3725 2141,3726 2143,3728 2143,3744 2144,3745 2273,3745 2273,3744 2273,3743 2274,3742 2274,3741 2278,3738 2279,3738 2280,3737 2292,3737 2293,3735 2293,3734 2295,3732 2295,3730 2298,3727 2298,3726 2301,3724 2303,3724 2304,3723 2305,3723 2308,3720 2316,3720 2317,3721 2319,3721 2320,3722 2321,3722 2324,3725 2324,3726 2325,3727 2325,3729 2326,3730 2462,3730 2467,3725 2468,3725 2469,3724 2471,3724 2472,3723 2475,3723 2476,3722 2477,3722 2478,3721 2556,3721 2557,3720 2574,3720 2575,3719 2576,3719 2577,3720 2578,3720 2581,3724 2581,3726 2582,3727 2759,3727 2760,3726 2761,3726 2762,3727 2766,3727 2768,3729 2914,3729 2915,3728 2919,3728 2920,3727 2943,3727 2944,3726 2945,3726 2946,3725 2948,3725 2949,3724 2959,3724 2960,3725 2963,3725 2964,3727 2964,3732 2965,3732 3064,3733 3065,3734 3068,3734 3070,3736 3070,3750 3071,3751 3194,3751 3194,3750 3194,3744 3197,3741 3197,3740 3198,3739 3198,3736 3200,3735 3203,3735 3204,3734 3205,3734 3206,3733 3207,3733 3209,3731 3210,3731 3211,3730 3215,3730 3216,3729 3358,3729 3360,3727 3364,3727 3365,3726 3366,3726 3367,3727 3376,3727 3377,3728 3378,3728 3379,3730 3379,3731 3380,3731 3540,3732 3541,3731 3544,3731 3545,3730 3562,3730 3563,3729 3565,3729 3566,3728 3573,3728 3574,3727 3581,3727 3582,3728 3583,3728 3586,3731 3587,3731 3587,3731 3587,3732 3588,3733 3588,3756 3589,3757 3589,3760 3590,3761 3609,3761 3609,3761 3609,3763 3610,3764 3612,3764 3612,3764 3612,3780 3612,3781 3623,3781 3624,3781 3624,3783 3625,3784 3625,3786 3626,3787 3626,3789 3622,3793 3618,3793 3617,3794 3610,3794 3610,3794 3610,3826 3608,3828 3605,3828 3605,3827 3605,3808 3604,3808 3475,3807 3474,3808 3468,3808 3467,3809 3429,3809 3429,3810 3429,3835 3428,3835"/>
        <TextEquiv index="0">
          <Unicode>Sachen / &#383;o de&#223; Ertzbi&#383;chofflichen Hoffs Offi&#11799;</Unicode>
        </TextEquiv>
        <TextEquiv index="1">
          <Unicode>Sachen / &#383;o de&#223; Ertzbi&#383;chofflichen Hoffs Offi&#11799;</Unicode>
        </TextEquiv>
      </TextLine>
      <TextLine id="l84">
        <Coords points="3021,3946 3021,3922 3020,3921 3017,3921 3016,3922 2983,3922 2982,3923 2890,3923 2890,3924 2890,3934 2889,3935 2889,3941 2888,3941 2884,3941 2884,3942 2884,3943 2883,3943 2882,3943 2882,3943 2882,3941 2881,3940 2874,3940 2871,3937 2870,3937 2870,3937 2870,3936 2869,3935 2869,3922 2868,3921 2856,3921 2854,3919 2750,3919 2749,3920 2749,3921 2748,3922 2746,3924 2745,3924 2744,3925 2736,3925 2736,3925 2736,3934 2734,3936 2733,3936 2732,3937 2728,3937 2727,3936 2726,3936 2725,3935 2724,3935 2722,3932 2722,3930 2721,3929 2721,3917 2720,3917 2517,3916 2517,3917 2517,3919 2516,3920 2516,3921 2512,3924 2475,3924 2475,3925 2475,3929 2472,3932 2472,3933 2470,3935 2470,3936 2468,3937 2468,3937 2468,3917 2467,3916 2454,3916 2453,3915 2452,3915 2450,3913 2347,3913 2343,3917 2343,3919 2339,3923 2338,3923 2336,3925 2334,3925 2333,3926 2333,3927 2332,3928 2330,3928 2329,3929 2327,3929 2326,3930 2325,3930 2324,3931 2323,3931 2322,3932 2321,3932 2320,3933 2193,3933 2193,3933 2193,3935 2192,3936 2188,3936 2185,3933 2182,3933 2182,3932 2182,3916 2181,3916 2159,3916 2155,3912 2081,3911 2081,3912 2081,3937 2079,3938 2079,3938 2079,3912 2078,3911 2045,3911 2044,3912 1954,3912 1953,3911 1952,3911 1950,3909 1949,3909 1948,3908 1947,3908 1947,3908 1947,3907 1946,3906 1946,3904 1944,3902 1944,3901 1943,3900 1943,3897 1942,3896 1942,3865 1941,3864 1937,3864 1937,3864 1937,3863 1937,3862 1938,3862 1939,3861 1994,3861 1995,3861 1995,3848 1996,3846 1997,3846 1999,3844 2054,3844 2055,3844 2055,3841 2057,3838 2059,3838 2060,3837 2061,3837 2062,3836 2063,3836 2065,3834 2067,3834 2068,3835 2068,3836 2070,3838 2070,3840 2070,3840 2195,3841 2197,3839 2199,3839 2200,3838 2200,3837 2201,3836 2202,3836 2203,3835 2205,3835 2206,3834 2207,3834 2209,3832 2294,3832 2295,3831 2296,3831 2297,3830 2304,3830 2305,3829 2306,3829 2307,3830 2320,3830 2322,3832 2324,3832 2326,3834 2347,3834 2350,3837 2350,3847 2350,3847 2379,3847 2383,3851 2383,3854 2383,3854 2531,3854 2534,3852 2534,3849 2537,3845 2538,3845 2539,3844 2610,3845 2611,3844 2611,3842 2612,3841 2612,3840 2614,3838 2719,3838 2721,3836 2727,3836 2728,3836 2728,3845 2728,3846 2747,3846 2749,3848 2853,3848 2857,3844 2859,3844 2860,3844 2860,3843 2860,3842 2862,3842 2863,3841 2865,3841 2867,3843 2871,3843 2872,3844 2876,3844 2877,3845 2877,3860 2877,3860 3007,3860 3008,3860 3008,3857 3009,3856 3009,3854 3010,3852 3011,3852 3014,3849 3015,3849 3017,3848 3017,3847 3020,3843 3022,3843 3023,3842 3079,3843 3080,3843 3080,3844 3081,3846 3160,3846 3161,3846 3161,3863 3161,3864 3291,3864 3293,3863 3293,3860 3294,3859 3294,3856 3296,3854 3296,3853 3300,3849 3300,3848 3301,3847 3301,3846 3301,3845 3302,3845 3303,3844 3304,3844 3305,3844 3305,3843 3306,3841 3309,3841 3311,3839 3313,3839 3314,3838 3330,3838 3331,3839 3343,3839 3345,3841 3360,3841 3362,3843 3363,3843 3364,3844 3364,3845 3365,3846 3365,3847 3367,3849 3470,3849 3471,3848 3519,3849 3522,3846 3525,3846 3526,3845 3529,3845 3530,3846 3532,3846 3534,3847 3534,3848 3534,3849 3625,3849 3626,3850 3627,3850 3628,3850 3628,3851 3629,3852 3629,3856 3630,3857 3630,3861 3629,3862 3629,3863 3628,3864 3628,3865 3627,3866 3627,3868 3624,3871 3624,3873 3623,3874 3623,3875 3621,3877 3621,3881 3619,3883 3619,3884 3617,3886 3617,3887 3616,3888 3616,3891 3615,3892 3615,3893 3614,3894 3614,3896 3611,3899 3611,3900 3610,3901 3610,3903 3609,3904 3609,3906 3607,3908 3606,3908 3606,3908 3606,3909 3605,3910 3605,3912 3604,3913 3604,3914 3603,3915 3603,3918 3602,3919 3602,3920 3601,3921 3601,3922 3600,3923 3600,3924 3599,3925 3599,3926 3598,3927 3598,3928 3595,3931 3547,3931 3547,3931 3547,3940 3544,3943 3539,3943 3538,3942 3535,3942 3533,3939 3533,3932 3532,3931 3532,3928 3531,3928 3463,3927 3462,3926 3352,3926 3351,3927 3346,3927 3345,3928 3343,3928 3341,3930 3333,3930 3332,3929 3330,3929 3329,3928 3319,3928 3317,3926 3316,3926 3315,3925 3314,3925 3312,3923 3180,3923 3180,3923 3180,3937 3179,3938 3179,3939 3177,3941 3174,3941 3173,3942 3171,3942 3168,3939 3165,3939 3164,3937 3164,3930 3163,3929 3163,3924 3162,3924 3150,3924 3148,3922 3023,3921 3023,3922 3023,3942 3022,3943 3022,3946 3021,3946"/>
        <TextEquiv index="0">
          <Unicode>cialis i&#383;t: Item / ein Hochweltliches Gericht /</Unicode>
        </TextEquiv>
        <TextEquiv index="1">
          <Unicode>cialis i&#383;t: Item / ein Hochweltliches Gericht /</Unicode>
        </TextEquiv>
      </TextLine>
      <TextLine id="l85">
        <Coords points="3202,4059 3201,4058 3199,4058 3198,4057 3194,4057 3193,4056 3193,4033 3193,4033 3119,4033 3117,4034 3117,4035 3116,4037 3112,4037 3111,4038 3108,4038 3107,4039 3106,4039 3105,4040 3063,4040 3062,4040 3062,4043 3062,4044 3061,4044 3060,4043 3060,4036 3060,4036 3009,4035 3008,4034 2930,4034 2929,4033 2772,4033 2771,4033 2771,4041 2770,4043 2769,4043 2768,4043 2768,4047 2767,4049 2756,4049 2750,4043 2750,4032 2750,4032 2738,4032 2737,4031 2737,4030 2737,4030 2681,4030 2680,4029 2412,4028 2411,4029 2407,4029 2406,4030 2404,4030 2403,4031 2401,4031 2400,4030 2395,4030 2394,4029 2393,4029 2391,4027 2129,4027 2128,4028 2127,4028 2126,4029 2076,4028 2075,4029 1953,4029 1949,4025 1948,4025 1947,4025 1947,4024 1941,4018 1942,3993 1941,3992 1941,3964 1942,3962 1945,3962 1946,3962 1946,3959 1947,3957 1948,3957 1950,3956 1950,3955 1950,3954 1952,3954 1954,3956 1954,3960 1954,3960 1955,3960 1957,3962 1959,3962 1961,3964 1962,3964 1963,3965 1964,3965 1965,3966 1966,3966 1967,3967 2080,3967 2081,3967 2081,3957 2082,3956 2082,3954 2083,3953 2083,3952 2083,3951 2085,3951 2088,3954 2088,3967 2088,3967 2214,3968 2215,3967 2215,3958 2218,3955 2218,3952 2218,3952 2219,3952 2220,3951 2221,3951 2222,3950 2224,3950 2225,3950 2225,3953 2226,3954 2226,3955 2226,3956 2227,3956 2228,3957 2229,3957 2230,3958 2231,3958 2234,3961 2236,3961 2237,3962 2241,3962 2243,3964 2370,3964 2371,3964 2371,3962 2375,3958 2375,3957 2375,3956 2378,3956 2381,3953 2385,3953 2386,3953 2386,3952 2387,3950 2388,3950 2391,3947 2395,3947 2398,3945 2398,3944 2398,3943 2399,3943 2401,3941 2405,3941 2406,3940 2465,3940 2466,3940 2466,3939 2466,3938 2467,3938 2468,3939 2468,3944 2468,3944 2469,3944 2471,3946 2473,3946 2474,3947 2474,3949 2474,3949 2598,3950 2601,3947 2602,3947 2603,3946 2605,3946 2606,3945 2607,3945 2609,3943 2613,3943 2614,3942 2620,3942 2621,3943 2652,3943 2654,3945 2655,3945 2658,3947 2658,3948 2660,3951 2748,3951 2749,3952 2752,3952 2754,3953 2754,3954 2755,3955 2755,3962 2755,3963 2800,3963 2803,3965 2803,3967 2804,3968 2804,3969 2804,3970 2850,3970 2852,3972 2962,3972 2963,3972 2963,3960 2964,3959 2964,3958 2964,3957 2966,3957 2967,3956 3020,3956 3021,3956 3021,3947 3021,3946 3077,3947 3079,3945 3080,3945 3081,3944 3083,3944 3084,3943 3088,3943 3091,3946 3105,3946 3107,3947 3107,3948 3107,3949 3123,3949 3124,3949 3124,3950 3125,3951 3125,3954 3127,3956 3127,3957 3127,3958 3128,3958 3130,3959 3130,3960 3131,3961 3131,3974 3131,3975 3407,3975 3408,3975 3408,3970 3409,3969 3409,3968 3411,3965 3412,3965 3413,3965 3413,3964 3413,3963 3604,3964 3605,3963 3608,3963 3611,3965 3611,3971 3612,3973 3629,3973 3632,3975 3632,3980 3633,3981 3633,3985 3634,3986 3633,4018 3634,4019 3633,4020 3633,4022 3632,4024 3631,4024 3630,4025 3626,4025 3624,4027 3621,4027 3620,4028 3619,4028 3614,4032 3614,4033 3613,4035 3612,4035 3610,4037 3609,4037 3608,4038 3607,4038 3606,4039 3604,4037 3414,4036 3413,4037 3413,4055 3412,4056 3409,4056 3408,4056 3408,4055 3408,4054 3388,4054 3387,4053 3346,4053 3345,4054 3345,4059 3345,4059"/>
        <TextEquiv index="0">
          <Unicode>darinn der Ober&#11799;Richter ein Greven / oder</Unicode>
        </TextEquiv>
        <TextEquiv index="1">
          <Unicode>darinn der&#11799; Ober&#11799;Richter ein Greven / oder</Unicode>
        </TextEquiv>
      </TextLine>
      <TextLine id="l86">
        <Coords points="1920,4164 1920,4157 1921,4156 2087,4156 2087,4156 2085,4154 2085,4141 2085,4140 2076,4140 2075,4139 2017,4139 2016,4138 1972,4138 1971,4137 1947,4137 1942,4133 1942,4132 1941,4131 1941,4128 1940,4127 1940,4121 1939,4120 1939,4111 1941,4109 1941,4107 1942,4106 1942,4104 1943,4103 1943,4102 1948,4097 1948,4096 1950,4094 1950,4093 1952,4091 1953,4091 1954,4090 1954,4089 1955,4088 1958,4088 1958,4088 1958,4083 1959,4082 1993,4082 1994,4081 2053,4081 2053,4081 2053,4078 2054,4077 2055,4077 2056,4076 2067,4076 2067,4076 2067,4068 2069,4066 2074,4066 2077,4063 2078,4063 2079,4062 2080,4062 2083,4059 2088,4059 2089,4058 2146,4059 2148,4057 2149,4057 2152,4054 2153,4054 2154,4053 2160,4053 2163,4050 2195,4050 2197,4048 2210,4048 2211,4047 2216,4047 2217,4048 2220,4048 2221,4049 2222,4049 2223,4050 2224,4050 2225,4051 2226,4051 2226,4051 2226,4052 2227,4053 2527,4053 2529,4056 2529,4057 2530,4057 3412,4059 3412,4060 3412,4064 3413,4064 3593,4065 3594,4066 3600,4066 3601,4067 3609,4067 3610,4068 3611,4068 3612,4069 3613,4069 3613,4069 3613,4090 3614,4091 3632,4091 3633,4092 3633,4093 3634,4094 3634,4099 3633,4100 3633,4123 3632,4125 3630,4125 3625,4130 3624,4130 3623,4131 3620,4131 3619,4132 3618,4132 3612,4138 3611,4138 3609,4140 3608,4140 3606,4142 3586,4142 3585,4142 3585,4143 3584,4144 3584,4148 3583,4149 3583,4156 3582,4157 3582,4161 3581,4162 3581,4163 3580,4164 3580,4166 3580,4167 3576,4167 3575,4166 3504,4166 3503,4165 3502,4165 3501,4164 3500,4164 3499,4163 1922,4159 1921,4160 1921,4164 1921,4164"/>
        <TextEquiv index="0">
          <Unicode>auch Vicegraff gena&#58844;t wird / der &#383;eine Sch&#246;f&#11799;</Unicode>
        </TextEquiv>
        <TextEquiv index="1">
          <Unicode>auch Vicegraff genant wird / der &#383;eine Sch&#246;f&#11799;</Unicode>
        </TextEquiv>
      </TextLine>
      <TextLine id="l87">
        <Coords points="3598,4283 3598,4254 3597,4254 3581,4254 3580,4255 3579,4255 3578,4256 3577,4256 3575,4258 3474,4257 3474,4258 3474,4260 3473,4261 3473,4266 3472,4267 3472,4270 3471,4270 3470,4270 3469,4271 3373,4271 3372,4272 3371,4272 3370,4273 3368,4273 3367,4274 3365,4274 3364,4273 3316,4273 3315,4272 3289,4272 3288,4271 3288,4269 3287,4268 3187,4268 3186,4267 3185,4267 3185,4266 3185,4263 3184,4262 3184,4261 3183,4261 3093,4261 3091,4259 3087,4259 3086,4258 3084,4258 3083,4257 3079,4257 3078,4256 3012,4255 3011,4254 2861,4254 2860,4255 2859,4255 2858,4256 2789,4256 2789,4256 2789,4257 2788,4258 2788,4261 2787,4262 2787,4264 2786,4265 2786,4269 2784,4271 2784,4272 2782,4274 2781,4274 2780,4275 2681,4275 2680,4276 2672,4276 2671,4277 2669,4277 2668,4276 2667,4276 2666,4274 2666,4271 2665,4270 2665,4262 2664,4262 2616,4262 2615,4260 2615,4246 2614,4246 2506,4245 2505,4244 2492,4244 2491,4243 2261,4243 2260,4244 2208,4244 2208,4244 2208,4245 2207,4246 2206,4246 2205,4247 2204,4247 2202,4249 2171,4249 2170,4250 2089,4249 2086,4252 1951,4252 1951,4253 1951,4264 1949,4266 1949,4269 1947,4270 1946,4270 1943,4273 1922,4273 1922,4274 1922,4275 1921,4275 1919,4275 1919,4275 1919,4171 1920,4170 1920,4165 1921,4164 1922,4164 1922,4165 1922,4168 1923,4168 1972,4168 1973,4169 1975,4169 1976,4170 1977,4170 1978,4172 1978,4174 1979,4175 1979,4190 1980,4190 2115,4190 2115,4190 2115,4184 2116,4183 2117,4183 2117,4183 2117,4177 2122,4173 2125,4173 2125,4173 2125,4175 2126,4176 2135,4176 2135,4176 2135,4177 2138,4180 2250,4180 2250,4179 2250,4177 2251,4176 2251,4175 2254,4172 2254,4171 2255,4171 2256,4171 2258,4169 2259,4169 2261,4167 2265,4167 2266,4166 2270,4166 2271,4165 2276,4165 2277,4166 2280,4166 2281,4167 2387,4167 2388,4166 2389,4166 2390,4165 2397,4165 2398,4167 2398,4177 2399,4177 2448,4177 2449,4178 2451,4178 2452,4180 2452,4195 2453,4195 2655,4196 2655,4195 2655,4181 2656,4180 2656,4179 2659,4177 2667,4177 2667,4176 2667,4175 2668,4175 2672,4175 2673,4174 2674,4174 2675,4173 2677,4173 2678,4174 2685,4174 2686,4175 2687,4175 2687,4175 2687,4176 2688,4177 2688,4188 2689,4189 2791,4189 2791,4188 2791,4169 2792,4169 2796,4169 2797,4170 2798,4170 2801,4173 2801,4174 2802,4175 2802,4177 2803,4178 2872,4178 2872,4179 2872,4180 2873,4180 2937,4180 2937,4181 2937,4184 2938,4185 2938,4186 2943,4190 2945,4190 2946,4191 2948,4191 2950,4193 2951,4193 2953,4195 2955,4195 2956,4196 2979,4196 2979,4196 2979,4172 2980,4171 2980,4170 2981,4169 2985,4169 2987,4167 2988,4169 2988,4196 2989,4196 3060,4197 3060,4196 3060,4190 3061,4189 3061,4188 3062,4187 3062,4186 3065,4183 3065,4182 3069,4179 3070,4179 3073,4176 3079,4176 3080,4175 3099,4175 3100,4174 3107,4174 3109,4172 3110,4172 3111,4173 3118,4173 3120,4175 3121,4175 3122,4176 3122,4194 3123,4195 3219,4195 3219,4194 3219,4190 3220,4189 3220,4188 3222,4186 3222,4185 3224,4184 3225,4184 3226,4183 3227,4183 3228,4181 3228,4179 3229,4179 3230,4179 3231,4178 3232,4178 3233,4177 3236,4177 3237,4176 3303,4176 3305,4174 3307,4174 3308,4173 3311,4173 3312,4174 3313,4174 3314,4175 3316,4175 3317,4176 3454,4176 3455,4175 3457,4175 3458,4174 3461,4174 3462,4173 3485,4173 3486,4172 3490,4172 3491,4171 3504,4172 3505,4173 3603,4173 3603,4173 3603,4174 3604,4175 3605,4175 3605,4175 3605,4176 3606,4177 3606,4201 3607,4202 3620,4202 3621,4203 3624,4203 3625,4204 3626,4204 3626,4204 3626,4205 3627,4206 3627,4211 3626,4212 3626,4234 3623,4237 3621,4237 3618,4240 3617,4240 3616,4241 3614,4241 3610,4245 3608,4245 3601,4252 3600,4252 3600,4252 3600,4281 3600,4282 3601,4282 3602,4282 3601,4283 3599,4283 3598,4284"/>
        <TextEquiv index="0">
          <Unicode>fen oder Scabinos, hat / die der Ertzbi&#383;choff be&#11799;</Unicode>
        </TextEquiv>
        <TextEquiv index="1">
          <Unicode>fen oder Scabinos, hat / die der Ertzbi&#383;choff be&#11799;</Unicode>
        </TextEquiv>
      </TextLine>
      <TextLine id="l88">
        <Coords points="2802,4391 2800,4388 2800,4386 2799,4385 2799,4367 2798,4367 2767,4367 2766,4366 2681,4366 2681,4366 2681,4372 2679,4374 2679,4379 2678,4380 2678,4381 2675,4384 2673,4384 2672,4383 2670,4383 2669,4381 2669,4363 2668,4363 2524,4362 2523,4361 2437,4361 2436,4362 2397,4362 2396,4363 2395,4363 2394,4364 2383,4364 2382,4365 2380,4365 2379,4366 2350,4366 2350,4367 2350,4369 2349,4369 2348,4369 2348,4368 2348,4358 2347,4358 2232,4358 2230,4360 2229,4360 2228,4361 2226,4361 2225,4362 2174,4362 2173,4363 2173,4364 2171,4366 2171,4369 2170,4370 2170,4371 2168,4373 2168,4374 2167,4375 2167,4376 2164,4379 2163,4379 2161,4381 2157,4381 2156,4382 2155,4382 2154,4383 2141,4383 2140,4382 2139,4382 2138,4381 2134,4381 2133,4380 2132,4380 2131,4378 2131,4377 2130,4376 2130,4375 2129,4374 2129,4364 2128,4364 1976,4363 1974,4365 1954,4365 1954,4366 1954,4370 1953,4371 1953,4372 1951,4374 1951,4377 1950,4378 1950,4379 1949,4379 1948,4379 1947,4380 1921,4380 1921,4381 1921,4387 1919,4388 1918,4388 1918,4388 1918,4322 1919,4321 1919,4276 1919,4275 1921,4275 1922,4276 1922,4278 1922,4278 2026,4278 2027,4277 2028,4277 2029,4278 2031,4278 2034,4281 2035,4281 2036,4282 2036,4294 2036,4294 2116,4294 2117,4294 2117,4291 2118,4290 2118,4288 2120,4286 2120,4283 2120,4283 2121,4283 2122,4282 2123,4282 2128,4286 2128,4299 2128,4300 2222,4300 2223,4299 2224,4299 2225,4298 2226,4298 2227,4297 2228,4297 2230,4295 2235,4295 2237,4296 2237,4303 2237,4304 2328,4304 2330,4302 2330,4300 2331,4299 2331,4298 2332,4297 2332,4296 2334,4294 2335,4294 2337,4292 2337,4291 2338,4290 2338,4289 2339,4288 2341,4288 2343,4286 2344,4286 2346,4284 2347,4284 2349,4282 2350,4282 2351,4281 2352,4281 2353,4280 2356,4280 2357,4279 2358,4279 2359,4278 2362,4278 2363,4277 2364,4277 2365,4276 2376,4276 2377,4277 2379,4277 2380,4278 2385,4278 2386,4279 2389,4279 2390,4280 2418,4280 2420,4282 2448,4282 2449,4283 2449,4284 2450,4285 2450,4286 2451,4287 2451,4300 2451,4300 2517,4300 2519,4298 2540,4298 2541,4298 2541,4291 2541,4290 2543,4290 2544,4290 2544,4289 2545,4288 2545,4287 2545,4286 2546,4286 2549,4283 2550,4283 2551,4282 2552,4282 2553,4281 2554,4281 2555,4280 2560,4280 2561,4281 2564,4281 2566,4283 2566,4299 2566,4299 2668,4300 2670,4298 2670,4295 2671,4294 2671,4293 2673,4291 2674,4291 2676,4289 2676,4288 2679,4285 2681,4285 2682,4284 2684,4284 2685,4283 2685,4282 2685,4282 2687,4282 2688,4281 2689,4282 2693,4282 2695,4284 2825,4284 2826,4283 2827,4283 2829,4285 2832,4285 2834,4287 2901,4287 2902,4288 2902,4309 2902,4309 2994,4309 2995,4309 2995,4293 2998,4290 2998,4289 2999,4287 3001,4289 3001,4290 3001,4290 3008,4290 3010,4292 3010,4308 3010,4308 3114,4309 3115,4308 3136,4308 3137,4307 3154,4307 3155,4306 3155,4300 3156,4299 3156,4298 3157,4297 3157,4296 3157,4296 3158,4296 3159,4295 3160,4295 3162,4297 3216,4297 3217,4296 3217,4292 3218,4291 3219,4291 3220,4291 3220,4296 3220,4297 3243,4297 3244,4298 3306,4298 3307,4299 3308,4299 3309,4300 3309,4308 3309,4308 3340,4308 3341,4308 3341,4296 3341,4295 3342,4296 3342,4308 3342,4308 3437,4308 3438,4308 3438,4306 3439,4305 3439,4304 3441,4302 3441,4301 3442,4300 3442,4299 3443,4298 3443,4297 3444,4296 3444,4295 3447,4291 3448,4291 3450,4289 3451,4289 3452,4288 3453,4288 3454,4287 3456,4287 3458,4286 3458,4285 3458,4284 3464,4284 3465,4285 3466,4285 3467,4286 3468,4286 3470,4288 3471,4288 3472,4289 3472,4309 3472,4309 3534,4310 3535,4309 3564,4309 3565,4308 3565,4284 3565,4284 3598,4284 3599,4283 3602,4283 3603,4284 3605,4284 3606,4284 3606,4288 3607,4289 3607,4314 3607,4315 3624,4315 3626,4316 3626,4337 3627,4338 3626,4339 3626,4346 3619,4353 3617,4353 3616,4354 3614,4354 3611,4357 3611,4358 3610,4359 3606,4359 3606,4359 3606,4360 3605,4361 3605,4362 3602,4365 3600,4365 3599,4366 3579,4366 3576,4369 3575,4369 3574,4370 3552,4370 3551,4371 3551,4373 3550,4374 3550,4375 3549,4376 3549,4377 3548,4378 3548,4380 3547,4381 3547,4383 3546,4384 3545,4384 3544,4385 3543,4385 3542,4386 3538,4386 3537,4387 3536,4387 3536,4387 3536,4388 3534,4390 3524,4390 3523,4389 3438,4388 3436,4386 3436,4367 3435,4366 3281,4366 3281,4367 3281,4368 3278,4370 3277,4370 3276,4369 3276,4364 3275,4363 3251,4363 3220,4363 3220,4363 3220,4388 3219,4389 3218,4389 3215,4385 3215,4363 3214,4363 3139,4363 3138,4364 3093,4364 3092,4365 3074,4365 3073,4366 2994,4365 2993,4366 2991,4366 2990,4365 2920,4365 2919,4364 2903,4364 2835,4364 2833,4366 2811,4366 2811,4367 2811,4371 2810,4372 2810,4378 2809,4379 2809,4385 2808,4386 2808,4388 2807,4388 2807,4390 2806,4391"/>
        <TextEquiv index="0">
          <Unicode>&#383;t&#228;ttiget; Sie aber &#383;elb&#383;ten einander / au&#223; ge&#11799;</Unicode>
        </TextEquiv>
        <TextEquiv index="1">
          <Unicode>&#383;t&#228;ttiget; Sie aber &#383;elb&#383;ten einander / au&#223; ge&#11799;</Unicode>
        </TextEquiv>
      </TextLine>
      <TextLine id="l89">
        <Coords points="3439,4502 3437,4500 3436,4500 3433,4498 3433,4480 3433,4479 3405,4479 3402,4477 3402,4476 3402,4475 3288,4475 3287,4476 3287,4483 3287,4483 3215,4483 3214,4483 3214,4488 3213,4489 3213,4493 3212,4495 3206,4495 3204,4493 3204,4492 3204,4492 3053,4492 3052,4493 3048,4493 3047,4494 3044,4494 3042,4496 3036,4496 3035,4494 3034,4494 3033,4494 3033,4493 3033,4492 3029,4492 3026,4489 3025,4489 3024,4489 3024,4488 3023,4487 3023,4474 3023,4473 2907,4473 2906,4474 2902,4474 2901,4475 2899,4475 2898,4476 2897,4476 2896,4475 2760,4475 2759,4476 2689,4476 2688,4477 2560,4476 2559,4477 2559,4481 2555,4485 2555,4486 2554,4487 2554,4488 2554,4488 2553,4488 2548,4493 2534,4493 2533,4492 2529,4492 2528,4491 2527,4491 2526,4490 2522,4490 2520,4489 2520,4488 2518,4486 2518,4473 2518,4472 2461,4472 2460,4471 2457,4471 2456,4470 2455,4470 2454,4469 2315,4469 2311,4473 2247,4473 2243,4476 2243,4477 2241,4480 2238,4477 2238,4476 2237,4475 2237,4474 2237,4474 2060,4473 2059,4474 2059,4493 2058,4494 2058,4495 2058,4495 2055,4495 2053,4497 2052,4497 2051,4498 2034,4498 2031,4496 2031,4495 2030,4494 2030,4477 2030,4476 1995,4476 1994,4475 1993,4475 1992,4474 1991,4474 1990,4473 1949,4473 1948,4472 1946,4472 1945,4471 1942,4471 1940,4469 1939,4469 1937,4468 1937,4467 1935,4465 1935,4459 1934,4458 1935,4440 1934,4439 1918,4439 1918,4439 1918,4389 1918,4388 1919,4388 1920,4389 1920,4391 1920,4391 1953,4391 1954,4392 1956,4392 1957,4393 2044,4393 2045,4394 2049,4394 2050,4395 2053,4395 2055,4397 2055,4413 2055,4413 2261,4414 2262,4413 2262,4412 2263,4411 2263,4408 2264,4407 2264,4405 2265,4404 2265,4403 2267,4401 2377,4401 2378,4401 2378,4400 2380,4397 2451,4397 2453,4396 2453,4395 2453,4394 2455,4394 2457,4392 2458,4392 2459,4391 2460,4391 2461,4390 2462,4391 2592,4392 2593,4393 2594,4393 2595,4394 2596,4394 2600,4397 2600,4404 2600,4405 2639,4405 2641,4406 2641,4407 2642,4408 2642,4410 2642,4411 2839,4411 2842,4409 2842,4408 2843,4407 2843,4406 2847,4401 2848,4401 2849,4400 2850,4400 2851,4399 2853,4399 2854,4398 2857,4398 2858,4397 2859,4397 2860,4396 2959,4396 2960,4395 2961,4395 2963,4393 2971,4393 2974,4396 2974,4398 2976,4400 2976,4402 2977,4403 2977,4416 2977,4416 3047,4417 3048,4416 3215,4416 3216,4415 3216,4414 3216,4414 3217,4413 3218,4413 3219,4412 3219,4407 3220,4406 3220,4404 3221,4403 3221,4399 3222,4398 3222,4397 3223,4396 3223,4394 3223,4394 3226,4394 3227,4393 3228,4393 3230,4394 3230,4415 3230,4416 3425,4416 3426,4416 3426,4407 3427,4406 3427,4405 3427,4404 3433,4404 3434,4404 3434,4403 3434,4402 3436,4402 3437,4402 3437,4401 3437,4400 3438,4400 3439,4399 3441,4399 3442,4398 3491,4398 3493,4400 3493,4412 3493,4412 3616,4413 3617,4412 3617,4410 3617,4410 3618,4410 3619,4410 3619,4423 3620,4425 3622,4425 3625,4427 3625,4430 3626,4431 3625,4474 3624,4475 3624,4476 3623,4477 3623,4478 3622,4479 3622,4480 3619,4483 3619,4484 3616,4487 3616,4488 3613,4492 3611,4492 3610,4491 3609,4491 3606,4488 3606,4487 3605,4486 3605,4485 3604,4484 3604,4483 3603,4482 3459,4481 3458,4482 3458,4498 3457,4499 3456,4499 3455,4500 3454,4500 3452,4502"/>
        <TextEquiv index="0">
          <Unicode>bohrnen / und beg&#252;terten B&#252;rgern / erwehlen:</Unicode>
        </TextEquiv>
        <TextEquiv index="1">
          <Unicode>bohrnen / und beg&#252;terten B&#252;rgern / erwehlen:</Unicode>
        </TextEquiv>
      </TextLine>
      <TextLine id="l90">
        <Coords points="3592,4611 3592,4589 3592,4589 3590,4589 3589,4589 3589,4591 3587,4594 3585,4594 3584,4595 3476,4594 3475,4595 3475,4601 3474,4602 3474,4608 3474,4608 3473,4608 3472,4609 3468,4609 3467,4608 3459,4608 3457,4607 3457,4605 3456,4604 3456,4594 3456,4593 3445,4593 3443,4592 3443,4591 3442,4589 3307,4589 3306,4590 3262,4590 3261,4590 3261,4592 3258,4595 3258,4597 3256,4599 3256,4600 3255,4602 3254,4602 3253,4603 3251,4603 3249,4604 3249,4605 3249,4606 3248,4605 3247,4605 3246,4604 3245,4604 3242,4601 3242,4597 3241,4596 3241,4591 3240,4590 3240,4588 3240,4588 3201,4588 3200,4588 3200,4611 3200,4612 3198,4612 3197,4611 3196,4611 3195,4610 3195,4588 3195,4588 3066,4588 3065,4587 2948,4586 2946,4585 2946,4584 2946,4583 2802,4583 2801,4583 2801,4591 2801,4592 2800,4591 2800,4583 2800,4583 2766,4583 2765,4584 2764,4584 2763,4585 2729,4585 2727,4587 2696,4587 2695,4588 2622,4588 2621,4588 2621,4595 2620,4596 2620,4597 2619,4598 2619,4601 2619,4602 2616,4602 2615,4603 2614,4603 2613,4604 2605,4604 2604,4603 2603,4603 2601,4601 2601,4600 2600,4599 2600,4586 2600,4586 2566,4585 2565,4586 2565,4610 2565,4610 2563,4610 2562,4610 2562,4586 2562,4585 2532,4585 2531,4584 2486,4584 2485,4583 2484,4583 2483,4582 2359,4582 2358,4583 2358,4586 2357,4587 2357,4590 2356,4591 2356,4594 2355,4595 2355,4597 2354,4598 2354,4599 2354,4599 2353,4599 2352,4600 2350,4600 2349,4601 2347,4601 2344,4598 2344,4584 2344,4584 2187,4584 2185,4586 2141,4586 2140,4586 2140,4603 2139,4604 2139,4605 2139,4606 2137,4606 2136,4607 2135,4607 2134,4608 2129,4608 2128,4609 2127,4609 2126,4608 2116,4607 2115,4606 2114,4606 2112,4605 2112,4604 2111,4603 2111,4588 2111,4587 2022,4587 2021,4586 1944,4586 1943,4586 1943,4585 1942,4584 1942,4581 1941,4580 1941,4579 1941,4578 1940,4578 1939,4577 1938,4577 1935,4575 1935,4574 1936,4573 1936,4543 1934,4541 1934,4537 1937,4534 1937,4533 1939,4531 1939,4530 1940,4529 1940,4528 1945,4523 2038,4523 2038,4523 2038,4520 2041,4517 2041,4515 2044,4512 2112,4512 2112,4512 2112,4511 2116,4507 2117,4507 2119,4505 2203,4506 2205,4504 2206,4504 2207,4503 2208,4503 2209,4502 2210,4502 2211,4501 2213,4501 2214,4502 2218,4502 2219,4503 2219,4514 2220,4515 2354,4515 2354,4515 2354,4514 2360,4508 2360,4507 2361,4506 2361,4505 2363,4503 2363,4502 2365,4500 2367,4500 2369,4498 2370,4498 2371,4497 2379,4497 2380,4498 2388,4498 2389,4499 2391,4499 2391,4500 2391,4501 2392,4502 2392,4508 2393,4508 2394,4508 2396,4511 2396,4512 2397,4513 2397,4521 2398,4521 2428,4521 2430,4523 2581,4524 2581,4523 2581,4513 2583,4512 2588,4512 2589,4510 2589,4509 2592,4507 2593,4507 2594,4506 2595,4506 2596,4505 2689,4505 2690,4504 2696,4504 2697,4505 2730,4505 2731,4506 2732,4506 2734,4508 2734,4521 2735,4522 2847,4522 2847,4522 2847,4518 2853,4512 2855,4512 2856,4513 2857,4513 2857,4514 2857,4515 2863,4520 2864,4520 2865,4521 2866,4521 2867,4522 2871,4522 2872,4523 2873,4523 2874,4524 2875,4524 2877,4526 3006,4526 3006,4526 3006,4525 3009,4522 3009,4520 3010,4519 3010,4518 3011,4517 3011,4516 3015,4512 3016,4512 3018,4510 3020,4510 3021,4509 3024,4509 3025,4508 3027,4508 3028,4507 3038,4508 3039,4507 3041,4507 3042,4508 3124,4508 3126,4510 3126,4522 3127,4523 3206,4523 3207,4524 3207,4526 3208,4527 3395,4527 3395,4527 3395,4516 3398,4513 3452,4513 3453,4512 3460,4512 3461,4511 3462,4512 3463,4512 3465,4515 3465,4523 3466,4523 3615,4524 3615,4523 3615,4522 3616,4522 3617,4522 3618,4523 3617,4525 3596,4525 3595,4525 3595,4557 3596,4558 3598,4558 3598,4558 3598,4568 3599,4569 3611,4569 3612,4570 3614,4570 3615,4571 3616,4571 3618,4573 3618,4574 3619,4575 3619,4576 3621,4578 3621,4583 3620,4585 3619,4585 3618,4586 3615,4586 3613,4588 3612,4588 3611,4589 3596,4589 3595,4589 3595,4611 3594,4613"/>
        <TextEquiv index="0">
          <Unicode>und haben &#383;ie auch &#252;ber das Blut zu richten.</Unicode>
        </TextEquiv>
        <TextEquiv index="1">
          <Unicode>und haben &#383;ie auch &#252;ber das Blut zu richten.</Unicode>
        </TextEquiv>
      </TextLine>
      <TextLine id="l91">
        <Coords points="1916,4724 1916,4724 1916,4690 1916,4689 1936,4689 1937,4689 1937,4652 1938,4651 1938,4645 1939,4644 1939,4643 1940,4642 1940,4636 1942,4634 1942,4632 1943,4631 1943,4630 1944,4629 1944,4628 1946,4626 1946,4624 1948,4622 1949,4622 1954,4617 1956,4617 1958,4615 1981,4615 1982,4614 1988,4614 1989,4613 1990,4613 1991,4612 1997,4612 1998,4613 2005,4613 2006,4614 2007,4614 2008,4616 2008,4626 2009,4626 2051,4626 2051,4627 2051,4635 2052,4635 2153,4636 2154,4635 2158,4635 2158,4634 2158,4622 2159,4621 2159,4620 2162,4618 2213,4618 2214,4617 2215,4617 2216,4618 2216,4622 2218,4624 2218,4625 2219,4626 2219,4627 2220,4628 2227,4628 2228,4629 2229,4629 2230,4630 2305,4630 2305,4629 2305,4622 2307,4620 2307,4619 2308,4618 2308,4617 2310,4616 2311,4616 2315,4612 2318,4612 2319,4611 2321,4611 2322,4612 2326,4612 2327,4613 2330,4613 2330,4613 2330,4614 2331,4615 2331,4616 2332,4617 2332,4626 2333,4627 2469,4627 2470,4626 2470,4625 2472,4623 2473,4622 2474,4622 2475,4623 2477,4623 2479,4626 2479,4635 2480,4635 2549,4635 2549,4636 2549,4637 2550,4637 2563,4637 2563,4637 2563,4611 2564,4610 2565,4610 2565,4611 2565,4637 2566,4637 2709,4638 2709,4637 2709,4634 2710,4634 2711,4634 2712,4632 2712,4626 2714,4624 2714,4622 2716,4621 2717,4621 2718,4619 2718,4618 2720,4617 2723,4617 2724,4616 2726,4616 2727,4615 2728,4615 2730,4613 2735,4613 2737,4615 2738,4615 2739,4616 2856,4616 2857,4617 2858,4617 2860,4620 2860,4636 2861,4636 2951,4636 2952,4635 3024,4635 3027,4632 3027,4628 3028,4627 3028,4626 3030,4624 3030,4623 3031,4622 3032,4622 3040,4615 3041,4615 3042,4614 3044,4614 3046,4612 3051,4612 3052,4611 3056,4611 3057,4610 3062,4610 3063,4611 3076,4611 3076,4611 3076,4614 3077,4615 3091,4615 3092,4616 3097,4616 3097,4616 3097,4618 3098,4619 3098,4620 3099,4621 3100,4621 3100,4621 3100,4622 3102,4624 3102,4639 3103,4640 3201,4640 3201,4639 3201,4625 3202,4624 3202,4623 3204,4622 3265,4622 3266,4621 3269,4621 3270,4623 3270,4624 3272,4626 3272,4633 3273,4633 3358,4633 3359,4632 3359,4631 3360,4630 3361,4630 3362,4629 3363,4629 3364,4631 3364,4632 3366,4634 3366,4642 3367,4642 3464,4642 3466,4640 3518,4641 3518,4640 3518,4637 3519,4636 3519,4633 3520,4632 3520,4631 3524,4628 3579,4628 3579,4627 3579,4626 3581,4625 3583,4625 3584,4626 3584,4627 3587,4630 3587,4640 3588,4641 3619,4641 3620,4642 3621,4642 3622,4643 3623,4643 3623,4643 3623,4653 3624,4654 3624,4692 3623,4693 3623,4694 3622,4695 3621,4695 3620,4696 3619,4696 3618,4697 3617,4697 3616,4698 3615,4698 3614,4699 3614,4700 3612,4702 3611,4703 3610,4703 3606,4707 3601,4707 3599,4705 3570,4705 3569,4704 3521,4704 3521,4704 3521,4719 3520,4720 3507,4720 3507,4720 3507,4722 3506,4723 3505,4723 3505,4722 3505,4704 3504,4704 3423,4703 3422,4702 3421,4702 3419,4700 3341,4700 3341,4701 3341,4702 3340,4703 3340,4704 3335,4708 3286,4708 3286,4709 3286,4712 3285,4713 3285,4714 3282,4717 3282,4718 3281,4718 3280,4718 3279,4719 3278,4719 3277,4720 3274,4720 3273,4719 3270,4719 3269,4718 3268,4718 3267,4717 3266,4717 3266,4717 3266,4716 3265,4715 3265,4703 3264,4702 3252,4702 3252,4701 3252,4700 3251,4700 3223,4700 3222,4699 3176,4699 3176,4699 3176,4718 3174,4720 3173,4720 3173,4719 3173,4698 3172,4698 3089,4698 3088,4699 3086,4699 3084,4701 3082,4701 3081,4702 3075,4702 3074,4703 3073,4703 3072,4704 3067,4704 3067,4704 3067,4715 3066,4716 3065,4716 3065,4715 3065,4714 3064,4713 3064,4704 3063,4704 3059,4704 3058,4703 3053,4703 3052,4702 3051,4702 3050,4701 3047,4701 3046,4700 3045,4700 3044,4699 3043,4699 3041,4697 2937,4696 2937,4697 2937,4701 2936,4701 2869,4701 2869,4702 2869,4715 2867,4716 2866,4716 2865,4715 2865,4712 2864,4711 2858,4711 2857,4710 2854,4710 2853,4709 2853,4696 2852,4695 2751,4695 2750,4696 2720,4696 2720,4696 2720,4710 2718,4712 2717,4712 2716,4713 2712,4713 2710,4711 2709,4711 2709,4710 2709,4696 2708,4696 2639,4696 2638,4695 2597,4695 2597,4694 2597,4693 2596,4693 2550,4692 2550,4692 2550,4691 2547,4688 2542,4688 2541,4687 2540,4687 2539,4686 2538,4686 2537,4685 2537,4665 2537,4664 2465,4664 2463,4666 2463,4667 2462,4668 2462,4670 2461,4671 2461,4672 2460,4673 2460,4699 2460,4699 2477,4699 2478,4700 2477,4700 2445,4700 2443,4698 2443,4692 2442,4691 2380,4691 2380,4692 2380,4716 2379,4716 2377,4716 2377,4716 2377,4692 2376,4691 2366,4691 2365,4693 2365,4694 2363,4695 2361,4695 2360,4694 2359,4694 2359,4694 2359,4693 2358,4692 2320,4692 2319,4691 2318,4691 2317,4690 2221,4690 2220,4691 2219,4691 2217,4693 2176,4693 2175,4694 2151,4694 2150,4695 2115,4694 2112,4697 2036,4697 2035,4698 2000,4698 1999,4699 1998,4699 1997,4700 1995,4700 1994,4701 1993,4701 1992,4702 1990,4702 1989,4703 1918,4703 1918,4704 1918,4724 1917,4724"/>
        <TextEquiv index="0">
          <Unicode>Es wird aber / von &#383;olchem Gericht / an die</Unicode>
        </TextEquiv>
        <TextEquiv index="1">
          <Unicode>Es wird aber / von &#383;olchem Gericht / an die</Unicode>
        </TextEquiv>
      </TextLine>
      <TextLine id="l92">
        <Coords points="1915,4837 1915,4776 1916,4775 1916,4725 1916,4724 1984,4724 1985,4723 2004,4723 2008,4727 2008,4746 2008,4746 2137,4747 2138,4746 2139,4746 2140,4745 2162,4745 2163,4744 2215,4744 2217,4742 2221,4742 2222,4741 2222,4726 2222,4726 2246,4726 2248,4724 2248,4723 2251,4720 2252,4720 2254,4718 2279,4718 2280,4717 2286,4717 2287,4718 2289,4718 2293,4722 2294,4722 2296,4723 2296,4725 2297,4726 2297,4728 2297,4729 2376,4729 2377,4729 2377,4717 2377,4716 2379,4716 2380,4717 2380,4729 2380,4729 2488,4729 2489,4728 2490,4728 2491,4727 2511,4727 2512,4727 2512,4720 2512,4719 2513,4720 2513,4727 2513,4727 2575,4727 2576,4726 2578,4727 2579,4726 2579,4724 2580,4723 2584,4723 2585,4722 2679,4722 2680,4721 2688,4721 2689,4720 2694,4720 2695,4721 2696,4721 2697,4722 2698,4722 2699,4722 2699,4724 2700,4726 2841,4726 2842,4726 2842,4723 2842,4722 2843,4723 2843,4726 2843,4726 2887,4726 2888,4725 2892,4725 2894,4727 2895,4727 2896,4728 2897,4729 2897,4730 2897,4730 3037,4731 3038,4730 3038,4729 3039,4728 3044,4728 3045,4727 3071,4727 3072,4726 3080,4726 3081,4725 3082,4725 3084,4727 3087,4727 3089,4729 3091,4729 3093,4731 3184,4731 3186,4733 3191,4733 3193,4735 3194,4735 3195,4735 3195,4750 3195,4751 3345,4751 3346,4751 3346,4748 3346,4747 3347,4747 3348,4747 3348,4746 3349,4745 3349,4743 3350,4741 3351,4741 3352,4740 3353,4740 3356,4737 3357,4737 3359,4736 3359,4735 3360,4733 3361,4733 3363,4731 3364,4731 3365,4730 3366,4730 3367,4729 3488,4729 3489,4728 3519,4729 3520,4728 3522,4728 3523,4729 3526,4729 3527,4730 3529,4730 3530,4731 3532,4731 3535,4733 3535,4741 3535,4742 3621,4742 3622,4742 3622,4744 3623,4745 3623,4750 3622,4751 3622,4759 3621,4760 3621,4761 3615,4767 3615,4769 3614,4770 3614,4772 3613,4773 3613,4775 3612,4776 3612,4777 3611,4778 3611,4779 3609,4781 3609,4783 3608,4784 3608,4785 3607,4786 3607,4789 3606,4790 3606,4791 3605,4792 3604,4792 3603,4793 3603,4837 3602,4838 3602,4837 3602,4835 3601,4835 3496,4835 3495,4834 3471,4833 3471,4833 3471,4832 3470,4831 3372,4831 3370,4829 3368,4829 3368,4829 3368,4828 3365,4825 3365,4823 3364,4822 3364,4816 3363,4815 3209,4815 3209,4815 3209,4823 3207,4825 3207,4826 3202,4831 3201,4831 3200,4830 3194,4830 3192,4828 3191,4828 3190,4827 3189,4827 3188,4825 3188,4824 3187,4824 3060,4824 3060,4824 3060,4826 3056,4830 2948,4829 2946,4831 2946,4831 2946,4829 2945,4828 2945,4827 2943,4825 2869,4825 2868,4824 2867,4824 2867,4824 2867,4821 2866,4820 2766,4820 2765,4819 2764,4819 2763,4817 2763,4812 2762,4812 2580,4812 2578,4814 2572,4813 2571,4814 2570,4814 2570,4815 2570,4823 2569,4823 2568,4823 2567,4822 2565,4822 2564,4821 2563,4821 2562,4820 2562,4812 2561,4811 2561,4807 2560,4806 2456,4806 2456,4806 2456,4805 2455,4804 2430,4804 2429,4803 2423,4803 2423,4804 2423,4809 2422,4809 2422,4809 2422,4804 2421,4803 2277,4803 2277,4803 2277,4805 2276,4806 2276,4817 2275,4818 2275,4820 2274,4821 2274,4823 2272,4825 2271,4825 2270,4826 2268,4824 2239,4824 2238,4822 2238,4821 2236,4819 2236,4809 2235,4809 2087,4808 2087,4809 2087,4810 2086,4810 1993,4810 1991,4812 1990,4812 1988,4814 1917,4814 1917,4815 1917,4832 1916,4833 1916,4837 1915,4837"/>
        <TextEquiv index="0">
          <Unicode>Commi&#383;&#383;arien de&#223; Ertzbi&#383;chofflichen Hoffs /</Unicode>
        </TextEquiv>
        <TextEquiv index="1">
          <Unicode>Commi&#383;&#383;arien de&#223; Ertzbi&#383;chofflichen Hoffs /</Unicode>
        </TextEquiv>
      </TextLine>
      <TextLine id="l93">
        <Coords points="3348,4948 3346,4947 3346,4943 3346,4942 3345,4942 3344,4941 3343,4941 3341,4940 3341,4939 3340,4938 3340,4928 3340,4927 3100,4927 3099,4927 3099,4928 3099,4929 3098,4929 3096,4930 3096,4933 3093,4936 3093,4939 3092,4940 3092,4941 3092,4942 3091,4942 3086,4947 3084,4947 3083,4946 3081,4946 3080,4945 2955,4944 2953,4943 2953,4934 2953,4933 2545,4932 2543,4934 2513,4934 2512,4935 2510,4935 2508,4934 2508,4927 2507,4926 2507,4918 2507,4917 2433,4917 2432,4917 2432,4916 2431,4914 2193,4914 2192,4915 2170,4915 2168,4917 2091,4916 2089,4918 2088,4918 2087,4919 2087,4940 2087,4940 1995,4940 1993,4942 1990,4942 1989,4941 1986,4941 1985,4941 1985,4924 1985,4923 1947,4923 1946,4922 1944,4922 1943,4922 1943,4921 1942,4920 1942,4918 1940,4916 1940,4915 1938,4913 1939,4912 1938,4911 1937,4911 1937,4911 1937,4910 1936,4909 1936,4903 1935,4902 1935,4894 1936,4893 1936,4891 1937,4890 1937,4887 1941,4883 1941,4882 1943,4880 1943,4879 1944,4878 1944,4876 1945,4874 1946,4874 1947,4873 1948,4873 1950,4872 1950,4871 1951,4870 1951,4869 1954,4866 1954,4865 1955,4863 1956,4863 1957,4862 1988,4862 1989,4862 1989,4861 1990,4859 2038,4859 2039,4858 2110,4858 2111,4858 2111,4852 2110,4851 1915,4851 1915,4851 1915,4838 1915,4837 2179,4838 2180,4837 2381,4837 2384,4834 2386,4834 2387,4833 2388,4833 2389,4832 2390,4832 2391,4831 2397,4831 2398,4830 2399,4830 2400,4829 2556,4829 2557,4828 2559,4828 2561,4830 2563,4830 2564,4831 2565,4831 2568,4834 2786,4835 2787,4836 2788,4836 2789,4837 2790,4837 2791,4838 2792,4838 2793,4839 3172,4840 3173,4840 3173,4844 3173,4845 3340,4845 3341,4846 3342,4846 3343,4847 3344,4847 3345,4848 3346,4848 3347,4849 3347,4851 3347,4851 3604,4852 3605,4851 3605,4843 3605,4843 3606,4843 3607,4843 3607,4863 3607,4864 3620,4864 3621,4864 3621,4866 3622,4867 3622,4871 3623,4872 3623,4877 3624,4878 3624,4882 3623,4883 3622,4916 3621,4918 3619,4918 3617,4919 3617,4920 3615,4923 3614,4923 3613,4923 3613,4924 3612,4926 3611,4926 3607,4930 3606,4930 3605,4931 3604,4930 3598,4930 3596,4928 3359,4927 3358,4928 3358,4937 3357,4938 3357,4939 3355,4941 3354,4941 3353,4942 3353,4947 3353,4947 3351,4947 3350,4948"/>
        <TextEquiv index="0">
          <Unicode>appellirt. Au&#383;&#383;er die&#383;em / &#383;eyn auch andere</Unicode>
        </TextEquiv>
        <TextEquiv index="1">
          <Unicode>appellirt. Au&#383;&#383;er die&#383;em / &#383;eyn auch anderet</Unicode>
        </TextEquiv>
      </TextLine>
      <TextLine id="l94">
        <Coords points="3488,5064 3488,5062 3488,5061 3444,5061 3443,5061 3443,5059 3443,5058 3441,5058 3440,5057 3076,5057 3075,5056 2627,5055 2626,5054 2626,5053 2626,5053 2513,5052 2512,5052 2512,5048 2512,5047 2187,5047 2186,5046 2185,5046 2184,5045 2181,5045 2180,5044 2177,5044 2174,5041 2174,5040 2174,5040 1973,5039 1972,5038 1969,5038 1966,5035 1962,5035 1961,5034 1960,5034 1959,5034 1959,5033 1959,5032 1957,5032 1956,5031 1955,5031 1954,5031 1954,5030 1953,5028 1951,5028 1949,5026 1948,5026 1947,5026 1947,5025 1944,5022 1944,5021 1943,5020 1943,5019 1942,5018 1942,5016 1941,5015 1941,5013 1940,5012 1940,5011 1939,5010 1939,5009 1937,5007 1937,5006 1936,5005 1936,4983 1937,4982 1937,4979 1938,4978 1938,4975 1939,4974 1939,4971 1940,4970 1940,4969 1943,4966 1943,4962 1946,4959 1946,4958 1952,4952 1953,4952 1954,4951 1954,4950 1955,4949 1956,4949 1959,4946 1961,4946 1962,4945 2073,4945 2073,4945 2073,4943 2074,4942 2358,4943 2359,4942 2386,4942 2387,4941 2390,4941 2391,4940 2746,4941 2747,4942 2748,4942 2750,4944 2752,4944 2753,4945 2754,4945 2755,4946 2758,4946 2758,4946 2758,4947 2759,4948 2943,4948 2944,4949 3398,4950 3401,4953 3402,4953 3404,4955 3511,4956 3513,4958 3606,4958 3606,4958 3606,4961 3607,4962 3607,4963 3608,4964 3609,4964 3609,4964 3609,4966 3610,4967 3610,4973 3611,4974 3611,4977 3613,4979 3613,4982 3617,4986 3618,4986 3619,4987 3621,4987 3622,4988 3622,5027 3623,5028 3623,5030 3622,5031 3622,5032 3620,5034 3620,5035 3620,5036 3619,5036 3617,5038 3616,5038 3615,5038 3615,5039 3612,5043 3496,5043 3495,5043 3495,5055 3494,5056 3494,5060 3493,5061 3493,5062 3493,5062 3491,5062 3489,5064"/>
        <TextEquiv index="0">
          <Unicode>Gericht zu C&#246;lln. Die Burger&#383;chafft i&#383;t in</Unicode>
        </TextEquiv>
        <TextEquiv index="1">
          <Unicode>Gericht zu C&#246;lln. Die Burger&#383;chafft i&#383;t in</Unicode>
        </TextEquiv>
      </TextLine>
      <TextLine id="l95">
        <Coords points="3347,5169 3346,5168 3343,5168 3342,5167 3340,5167 3339,5166 2090,5163 2086,5159 2086,5158 2083,5155 2083,5154 2082,5153 2082,5144 2081,5143 1943,5143 1942,5142 1941,5142 1940,5141 1940,5112 1939,5111 1939,5110 1938,5109 1938,5108 1939,5107 1939,5105 1940,5104 1940,5103 1944,5099 1945,5099 1948,5096 1950,5096 1951,5095 1999,5095 1999,5095 1999,5094 2003,5090 2082,5090 2082,5090 2082,5069 2083,5068 2083,5066 2084,5065 2084,5064 2085,5063 2085,5062 2086,5061 2086,5060 2087,5059 2088,5059 2090,5057 2091,5057 2091,5057 2091,5056 2095,5052 2102,5052 2103,5051 2107,5051 2108,5050 2113,5050 2114,5049 2117,5049 2118,5048 2136,5049 2137,5050 2138,5050 2138,5050 2138,5052 2139,5053 2311,5053 2312,5054 2629,5055 2629,5055 2629,5057 2630,5058 2985,5058 2986,5059 2998,5059 2999,5060 3169,5061 3170,5062 3219,5062 3220,5063 3223,5063 3224,5064 3224,5065 3225,5066 3226,5066 3230,5070 3231,5070 3234,5073 3237,5073 3238,5074 3590,5075 3590,5075 3590,5096 3591,5097 3620,5097 3621,5098 3621,5099 3622,5100 3622,5104 3623,5105 3623,5106 3624,5107 3624,5108 3622,5110 3622,5123 3621,5124 3621,5130 3619,5133 3618,5133 3617,5134 3616,5134 3615,5135 3614,5135 3609,5140 3608,5140 3607,5141 3606,5141 3605,5141 3605,5158 3604,5159 3377,5158 3375,5161 3375,5162 3370,5166 3366,5166 3365,5167 3364,5167 3363,5168 3351,5168 3350,5169"/>
        <TextEquiv index="0">
          <Unicode>22. Z&#252;nffte abgetheilet. Der Burgermei&#11799;</Unicode>
        </TextEquiv>
        <TextEquiv index="1">
          <Unicode>22. Z&#252;nffte abgetheilet. Der Burgermei&#11799;</Unicode>
        </TextEquiv>
      </TextLine>
      <TextLine id="l96">
        <Coords points="3173,5287 3173,5286 3173,5281 3172,5281 3104,5281 3103,5280 3079,5280 3078,5279 3077,5279 3077,5278 3077,5277 3076,5276 3076,5262 3075,5262 2901,5261 2900,5260 2814,5260 2813,5259 2812,5259 2811,5258 2655,5258 2650,5263 2649,5263 2647,5265 2643,5265 2642,5266 2642,5269 2641,5270 2641,5272 2640,5273 2639,5273 2638,5274 2633,5274 2631,5271 2631,5255 2630,5255 2472,5254 2472,5255 2472,5256 2471,5256 2470,5256 2469,5257 2404,5257 2404,5258 2404,5261 2403,5262 2403,5264 2402,5265 2402,5266 2401,5266 2369,5266 2368,5267 2258,5267 2257,5268 2152,5268 2150,5270 2143,5270 2142,5271 2140,5271 2140,5270 2140,5269 2139,5269 1949,5268 1949,5269 1949,5272 1948,5273 1948,5275 1944,5278 1942,5278 1941,5277 1941,5275 1940,5274 1940,5269 1939,5268 1939,5234 1938,5233 1938,5214 1939,5213 1939,5206 1940,5205 1940,5202 1941,5201 1941,5196 1942,5195 1942,5193 1943,5192 1943,5191 1944,5190 1944,5188 1944,5187 1945,5187 1946,5187 1946,5186 1950,5181 1951,5181 1952,5180 1953,5180 1954,5179 1955,5179 1957,5177 1959,5177 1962,5174 1964,5174 1965,5173 2081,5173 2082,5172 2084,5172 2085,5171 2091,5171 2092,5172 2096,5172 2097,5173 2100,5173 2101,5174 2102,5174 2104,5176 2104,5185 2104,5185 2250,5186 2251,5185 2251,5182 2252,5181 2252,5179 2253,5178 2253,5176 2254,5175 2254,5174 2257,5171 2257,5170 2257,5170 2259,5170 2260,5169 2265,5169 2266,5168 2267,5168 2268,5167 2269,5167 2270,5166 2272,5166 2273,5167 2275,5167 2276,5168 2406,5168 2407,5167 2410,5167 2411,5166 2417,5166 2418,5167 2421,5167 2424,5170 2425,5170 2426,5171 2426,5172 2427,5173 2427,5181 2427,5181 2498,5181 2500,5183 2500,5192 2500,5192 2632,5193 2636,5189 2636,5186 2637,5185 2637,5184 2638,5183 2638,5182 2642,5178 2643,5178 2644,5177 2645,5177 2646,5176 2646,5175 2647,5174 2649,5174 2651,5172 2652,5172 2653,5171 2655,5171 2657,5169 2659,5169 2660,5170 2755,5170 2757,5171 2757,5193 2757,5194 2980,5194 2981,5194 2981,5188 2982,5187 2982,5186 2982,5185 2989,5185 2990,5184 2991,5184 2992,5183 2996,5183 2997,5182 3002,5182 3003,5181 3021,5181 3023,5179 3085,5180 3088,5177 3089,5177 3091,5175 3102,5175 3103,5174 3111,5174 3112,5175 3118,5175 3122,5179 3141,5179 3142,5180 3221,5180 3222,5181 3224,5181 3225,5182 3226,5182 3228,5183 3228,5184 3229,5185 3229,5194 3229,5195 3335,5195 3336,5196 3337,5196 3339,5198 3529,5199 3531,5197 3596,5197 3597,5196 3597,5194 3602,5189 3602,5177 3602,5177 3604,5178 3604,5187 3605,5188 3605,5189 3606,5190 3606,5203 3606,5204 3619,5204 3621,5205 3621,5206 3622,5207 3622,5209 3623,5210 3623,5215 3622,5216 3622,5231 3621,5232 3621,5238 3620,5239 3620,5240 3618,5242 3617,5242 3609,5250 3608,5250 3607,5251 3605,5251 3604,5252 3603,5252 3603,5252 3603,5253 3602,5254 3602,5268 3601,5269 3600,5269 3600,5268 3600,5263 3599,5263 3478,5262 3478,5263 3478,5278 3476,5279 3476,5279 3476,5278 3475,5277 3475,5265 3474,5264 3466,5264 3466,5264 3466,5263 3464,5261 3315,5261 3314,5263 3314,5264 3313,5265 3313,5270 3311,5271 3310,5271 3310,5272 3310,5273 3309,5274 3309,5275 3308,5275 3307,5275 3307,5276 3307,5277 3305,5278 3232,5278 3229,5281 3228,5281 3226,5283 3225,5283 3224,5284 3175,5284 3175,5284 3175,5286 3174,5287"/>
        <TextEquiv index="0">
          <Unicode>&#383;ter &#383;eyn &#383;ech&#383;e / au&#223; denen alle Jahr zween re&#11799;</Unicode>
        </TextEquiv>
        <TextEquiv index="1">
          <Unicode>&#383;ter &#383;eyn &#383;ech&#383;e / au&#223; denen alle Jahr zween re&#11799;</Unicode>
        </TextEquiv>
      </TextLine>
      <TextLine id="l97">
        <Coords points="2870,5393 2868,5392 2868,5391 2867,5390 2867,5386 2867,5385 2598,5385 2597,5384 1965,5382 1964,5383 1963,5383 1961,5385 1960,5385 1959,5386 1955,5386 1954,5387 1952,5387 1951,5388 1948,5388 1947,5387 1944,5387 1943,5386 1940,5386 1938,5384 1937,5384 1934,5381 1932,5381 1930,5380 1931,5349 1930,5348 1930,5345 1931,5344 1931,5340 1933,5338 1933,5332 1933,5331 1934,5331 1936,5330 1936,5327 1939,5324 1939,5323 1940,5322 1940,5321 1943,5318 1943,5317 1943,5316 1944,5316 1950,5310 1951,5310 1952,5309 1953,5309 1954,5308 1956,5308 1957,5307 1986,5307 1987,5306 1990,5306 1991,5306 1991,5296 1992,5295 1992,5293 1993,5292 1993,5291 1995,5288 2303,5289 2307,5285 2308,5285 2311,5282 2520,5282 2522,5280 2523,5280 2524,5279 2525,5279 2526,5278 2538,5278 2540,5280 2541,5280 2544,5283 2919,5284 2920,5285 2923,5285 2924,5286 3175,5287 3177,5289 3180,5289 3181,5290 3187,5290 3189,5291 3189,5293 3190,5294 3190,5302 3190,5303 3500,5304 3503,5307 3518,5307 3519,5308 3520,5308 3522,5309 3522,5311 3522,5312 3537,5312 3538,5313 3567,5313 3569,5315 3572,5315 3575,5318 3576,5318 3577,5319 3616,5319 3617,5320 3619,5320 3620,5320 3620,5321 3621,5322 3621,5330 3620,5331 3620,5348 3619,5349 3619,5353 3616,5356 3615,5356 3614,5357 3612,5357 3609,5360 3608,5360 3605,5363 3604,5363 3603,5364 3602,5364 3600,5366 3600,5367 3598,5369 3594,5369 3594,5369 3594,5370 3592,5372 3580,5372 3580,5372 3579,5373 3579,5374 3440,5373 3439,5374 3439,5377 3438,5378 3438,5379 3437,5380 3437,5381 3436,5382 3436,5383 3435,5384 3435,5385 3433,5387 3428,5387 3427,5388 3427,5389 3426,5390 3425,5390 3424,5391 3423,5391 3422,5392 2989,5391 2988,5392 2874,5392 2873,5393"/>
        <TextEquiv index="0">
          <Unicode>gieren / welchen &#383;chneewei&#383;&#383;e St&#228;be vorgetra&#11799;</Unicode>
        </TextEquiv>
        <TextEquiv index="1">
          <Unicode>gieren / welchen &#383;chneewei&#383;&#383;e St&#228;be vorgetra&#11799;</Unicode>
        </TextEquiv>
      </TextLine>
      <TextLine id="l98">
        <Coords points="2939,5502 2938,5501 2935,5501 2933,5500 2933,5499 2933,5498 1957,5496 1956,5497 1949,5497 1948,5498 1942,5498 1941,5497 1940,5497 1939,5496 1937,5496 1932,5492 1932,5463 1931,5462 1931,5460 1930,5459 1930,5452 1931,5451 1931,5447 1932,5446 1932,5445 1933,5444 1933,5442 1935,5440 1935,5439 1940,5434 1940,5433 1941,5432 1942,5432 1946,5428 1946,5427 1950,5423 1954,5423 1954,5423 1954,5421 1955,5420 1956,5420 1957,5419 2000,5419 2003,5416 2073,5416 2075,5414 2076,5414 2079,5411 2181,5412 2182,5411 2207,5411 2208,5409 2208,5405 2209,5404 2209,5402 2214,5398 2217,5398 2218,5397 2471,5397 2471,5397 2471,5396 2472,5395 2473,5395 2474,5394 2474,5393 2476,5391 2477,5391 2478,5390 2479,5390 2480,5389 2481,5389 2482,5388 2498,5388 2499,5387 2506,5387 2512,5393 2529,5393 2530,5394 2532,5394 2533,5396 2533,5397 2534,5397 3231,5399 3232,5398 3240,5398 3241,5399 3276,5399 3278,5401 3280,5401 3282,5403 3456,5403 3457,5405 3457,5411 3458,5411 3604,5412 3604,5412 3604,5440 3605,5441 3608,5441 3609,5442 3609,5468 3610,5469 3611,5469 3612,5470 3614,5470 3615,5471 3617,5471 3618,5472 3619,5472 3620,5473 3620,5480 3619,5482 3616,5482 3615,5483 3613,5483 3611,5484 3611,5485 3610,5486 3610,5487 3609,5488 3609,5489 3609,5490 3608,5490 3607,5491 3558,5491 3556,5493 3554,5493 3553,5494 3552,5494 3551,5495 3549,5495 3548,5496 3547,5496 3546,5497 3528,5497 3527,5497 3527,5498 3526,5499 3526,5502 3525,5504"/>
        <TextEquiv index="0">
          <Unicode>gen werden. In dem Rath &#383;itzen &#252;berall 49.</Unicode>
        </TextEquiv>
        <TextEquiv index="1">
          <Unicode>gen werden. In dem Rath &#383;itzen &#252;berall 49.</Unicode>
        </TextEquiv>
      </TextLine>
      <TextLine id="l99">
        <Coords points="1910,5614 1910,5614 1910,5533 1911,5532 1911,5526 1912,5525 1933,5525 1934,5524 1934,5523 1935,5522 1935,5521 1936,5520 1936,5518 1938,5516 1938,5515 1942,5511 1943,5511 1946,5508 1950,5508 1951,5507 1956,5507 1957,5506 1958,5506 1959,5505 1987,5505 1988,5504 2102,5504 2103,5503 2106,5503 2107,5502 2108,5502 2109,5501 2112,5501 2113,5500 2114,5500 2115,5501 2117,5501 2120,5505 2120,5506 2121,5507 2121,5523 2122,5524 2231,5524 2232,5523 2307,5523 2307,5522 2307,5518 2310,5516 2328,5516 2333,5511 2337,5511 2338,5512 2338,5514 2342,5518 2343,5518 2344,5519 2345,5519 2345,5519 2345,5520 2346,5521 2353,5521 2355,5523 2535,5523 2535,5523 2535,5519 2536,5518 2536,5517 2537,5516 2539,5516 2539,5516 2539,5515 2541,5513 2594,5514 2594,5513 2594,5512 2595,5512 2596,5512 2598,5510 2600,5512 2600,5528 2601,5529 2631,5529 2632,5530 2664,5530 2665,5531 2774,5531 2774,5530 2774,5521 2775,5520 2775,5519 2776,5518 2776,5517 2778,5516 2806,5516 2808,5514 2809,5514 2810,5513 2812,5513 2813,5512 2814,5512 2815,5511 2822,5511 2823,5510 2825,5510 2826,5512 2826,5513 2827,5513 2828,5513 2829,5514 2830,5514 2830,5515 2830,5516 2831,5516 2833,5516 2835,5518 2837,5518 2838,5520 2838,5523 2839,5524 2839,5532 2840,5532 2948,5532 2949,5533 3094,5534 3094,5533 3094,5529 3095,5528 3095,5524 3096,5523 3096,5522 3098,5521 3099,5521 3100,5520 3105,5520 3105,5520 3105,5524 3106,5525 3109,5525 3110,5526 3111,5526 3113,5528 3114,5528 3115,5529 3116,5529 3118,5531 3120,5531 3121,5532 3267,5532 3267,5532 3267,5528 3269,5526 3269,5525 3271,5523 3271,5522 3276,5517 3277,5517 3280,5514 3283,5514 3286,5511 3287,5511 3289,5509 3324,5509 3327,5506 3341,5506 3343,5504 3346,5504 3347,5503 3349,5503 3349,5504 3349,5505 3351,5506 3352,5506 3353,5507 3354,5507 3355,5508 3357,5508 3358,5509 3359,5509 3360,5510 3361,5510 3362,5511 3494,5512 3495,5511 3501,5511 3501,5511 3501,5514 3502,5515 3607,5515 3608,5516 3608,5517 3609,5518 3609,5541 3610,5542 3611,5542 3615,5546 3615,5585 3616,5586 3616,5590 3617,5591 3617,5592 3615,5595 3614,5595 3613,5595 3613,5596 3609,5600 3609,5601 3608,5602 3607,5602 3605,5604 3603,5604 3602,5605 3601,5605 3601,5604 3601,5602 3598,5599 3574,5599 3573,5598 3546,5598 3543,5595 3394,5594 3393,5595 3337,5595 3336,5596 3335,5596 3334,5597 3297,5597 3296,5598 3296,5599 3295,5600 3289,5600 3288,5600 3288,5599 3287,5598 3287,5597 3287,5596 3230,5596 3229,5595 3206,5595 3205,5594 3003,5593 3002,5594 3000,5594 2999,5593 2804,5593 2803,5593 2803,5594 2802,5595 2802,5601 2801,5602 2801,5607 2800,5608 2800,5609 2799,5610 2799,5611 2798,5612 2796,5612 2795,5613 2793,5613 2792,5612 2791,5612 2790,5610 2790,5607 2789,5606 2789,5595 2789,5595 2684,5595 2681,5592 2681,5591 2681,5591 2552,5590 2551,5591 2551,5601 2550,5601 2550,5600 2548,5600 2547,5600 2547,5591 2547,5590 2508,5590 2507,5589 2506,5589 2504,5587 2480,5587 2479,5586 2299,5586 2297,5588 2295,5588 2293,5590 2292,5590 2291,5589 2291,5588 2290,5587 2275,5587 2274,5586 2102,5585 2101,5586 2101,5591 2099,5593 2099,5596 2098,5597 2098,5598 2098,5598 2093,5598 2092,5598 2092,5595 2092,5594 1963,5594 1962,5595 1962,5596 1961,5597 1961,5599 1960,5600 1960,5601 1959,5602 1959,5603 1957,5605 1957,5606 1956,5607 1956,5608 1953,5610 1912,5610 1912,5611 1912,5614 1911,5614"/>
        <TextEquiv index="0">
          <Unicode>Per&#383;onen / deren die mei&#383;ten von dem Volck in</Unicode>
        </TextEquiv>
        <TextEquiv index="1">
          <Unicode>Per&#383;onen / deren die mei&#383;ten von dem Volck in</Unicode>
        </TextEquiv>
      </TextLine>
      <TextLine id="l100">
        <Coords points="3603,5734 3603,5732 3602,5732 3601,5732 3601,5731 3601,5707 3600,5707 3569,5707 3568,5708 3568,5709 3564,5713 3562,5713 3562,5712 3562,5711 3561,5711 3560,5711 3558,5709 3501,5709 3501,5709 3501,5725 3500,5726 3470,5725 3468,5727 3465,5727 3464,5728 3459,5728 3456,5725 3455,5725 3454,5724 3454,5723 3452,5721 3452,5720 3451,5719 3451,5711 3450,5710 3440,5710 3439,5709 3439,5708 3438,5707 3303,5707 3303,5708 3303,5720 3301,5721 3300,5721 3297,5724 3291,5724 3290,5725 3289,5725 3288,5726 3286,5726 3285,5725 3280,5725 3278,5723 3193,5723 3191,5720 3191,5705 3190,5705 3074,5705 3073,5706 3045,5706 3044,5707 3002,5706 3002,5707 3002,5708 3000,5709 2999,5708 2995,5708 2994,5707 2979,5707 2978,5706 2954,5706 2952,5704 2773,5704 2772,5705 2706,5705 2705,5706 2703,5706 2702,5705 2620,5705 2620,5705 2620,5718 2619,5719 2619,5721 2618,5722 2617,5722 2614,5725 2612,5725 2611,5726 2610,5726 2609,5727 2603,5727 2602,5726 2597,5726 2595,5723 2595,5722 2594,5721 2594,5702 2593,5702 2426,5701 2425,5700 2401,5700 2401,5701 2401,5721 2400,5721 2400,5721 2400,5701 2399,5700 2386,5700 2385,5699 2269,5699 2268,5700 2268,5702 2267,5703 2267,5706 2266,5707 2266,5709 2265,5710 2265,5711 2264,5712 2264,5713 2262,5715 2238,5715 2237,5716 2237,5715 2237,5714 2236,5713 2236,5712 2234,5710 2234,5702 2233,5701 2233,5699 2232,5699 2140,5699 2140,5699 2140,5718 2139,5719 2088,5718 2086,5720 2082,5720 2081,5721 2074,5721 2073,5722 2069,5722 2068,5721 2067,5721 2067,5721 2067,5720 2065,5718 2063,5718 2062,5717 2061,5717 2061,5717 2061,5716 2059,5714 2059,5708 2058,5707 2058,5701 2057,5700 1911,5700 1911,5701 1911,5703 1910,5704 1910,5715 1909,5715 1909,5715 1909,5685 1910,5684 1910,5615 1910,5614 1911,5614 1912,5615 1912,5619 1913,5620 1913,5625 1913,5625 1942,5625 1944,5627 1944,5629 1945,5630 1945,5631 1945,5631 1947,5631 1951,5635 1952,5635 1953,5636 1956,5636 1957,5637 1959,5637 1960,5638 2056,5638 2057,5638 2057,5629 2058,5628 2058,5622 2062,5618 2062,5616 2064,5613 2065,5613 2067,5611 2071,5611 2072,5610 2073,5610 2074,5609 2081,5609 2082,5608 2087,5608 2088,5607 2091,5607 2092,5608 2096,5608 2097,5609 2105,5609 2108,5612 2248,5613 2249,5612 2289,5612 2290,5613 2291,5613 2292,5614 2294,5614 2297,5616 2297,5629 2297,5630 2310,5630 2312,5632 2313,5632 2314,5632 2314,5634 2314,5635 2365,5635 2366,5636 2497,5636 2499,5638 2583,5639 2584,5638 2584,5630 2587,5627 2593,5627 2595,5625 2595,5624 2596,5623 2597,5623 2598,5622 2600,5622 2601,5621 2611,5621 2613,5623 2654,5623 2655,5623 2655,5624 2656,5625 2656,5637 2656,5638 2715,5638 2717,5640 2746,5640 2747,5641 2748,5641 2750,5643 2840,5643 2841,5642 2866,5642 2867,5642 2867,5636 2868,5635 2868,5634 2869,5632 2870,5632 2873,5629 2875,5629 2876,5628 2877,5629 2878,5629 2879,5630 2879,5633 2880,5634 2881,5634 2883,5636 2885,5636 2887,5638 2889,5638 2891,5640 2893,5640 2895,5642 3020,5642 3021,5642 3021,5641 3022,5640 3022,5639 3023,5638 3023,5637 3023,5636 3024,5636 3026,5634 3087,5635 3088,5634 3088,5633 3088,5633 3137,5633 3142,5628 3209,5628 3210,5627 3211,5627 3212,5626 3249,5626 3251,5624 3252,5624 3253,5623 3259,5623 3260,5624 3295,5624 3296,5625 3451,5625 3452,5626 3453,5626 3454,5627 3456,5627 3457,5628 3458,5628 3459,5629 3460,5629 3462,5631 3462,5632 3462,5632 3551,5633 3552,5632 3553,5632 3554,5631 3557,5631 3558,5630 3558,5629 3559,5628 3563,5628 3564,5627 3601,5627 3602,5626 3605,5626 3606,5626 3606,5639 3606,5640 3609,5640 3610,5640 3610,5648 3613,5651 3613,5654 3613,5655 3620,5655 3622,5656 3622,5661 3621,5662 3621,5685 3620,5686 3620,5688 3619,5689 3619,5690 3616,5693 3615,5693 3614,5694 3611,5694 3610,5695 3609,5695 3604,5700 3604,5734 3603,5735"/>
        <TextEquiv index="0">
          <Unicode>den Z&#252;nfften erwehlet werden / und j&#228;hrlich ab&#11799;</Unicode>
        </TextEquiv>
        <TextEquiv index="1">
          <Unicode>den Z&#252;nfften erwehlet werden / und j&#228;hrlich ab&#11799;</Unicode>
        </TextEquiv>
      </TextLine>
      <TextLine id="l101">
        <Coords points="3479,5841 3478,5840 3476,5840 3475,5839 3474,5839 3473,5838 3471,5838 3470,5837 3469,5837 3468,5837 3468,5836 3466,5834 3466,5832 3465,5830 3334,5830 3333,5829 3322,5829 3320,5827 3319,5827 3317,5825 3316,5825 3315,5824 3288,5824 3288,5824 3288,5823 3287,5822 3287,5821 3286,5820 3242,5820 3241,5819 3106,5819 3106,5819 3106,5825 3104,5827 3103,5827 3103,5827 3103,5829 3102,5830 3101,5831 3100,5833 3099,5833 3098,5834 3087,5834 3085,5832 3085,5831 3084,5829 3084,5821 3083,5821 3072,5821 3070,5819 2854,5818 2854,5819 2853,5832 2852,5833 2851,5833 2850,5834 2847,5834 2846,5835 2843,5835 2842,5834 2813,5834 2812,5833 2811,5833 2810,5832 2809,5832 2807,5830 2806,5830 2806,5830 2806,5828 2805,5826 2805,5817 2804,5817 2549,5816 2547,5818 2494,5818 2494,5819 2494,5820 2493,5820 2488,5820 2488,5821 2487,5831 2487,5831 2485,5830 2486,5814 2484,5812 2484,5811 2483,5810 2284,5810 2284,5810 2284,5824 2283,5825 2283,5829 2281,5831 2280,5831 2279,5832 2262,5832 2261,5831 2260,5831 2259,5830 2185,5830 2184,5829 2176,5829 2174,5827 2091,5826 2090,5825 2089,5825 2088,5824 2088,5820 2085,5817 2085,5814 2084,5813 1958,5813 1956,5811 1936,5811 1936,5811 1936,5810 1935,5809 1935,5808 1931,5804 1930,5804 1928,5802 1928,5746 1927,5745 1909,5745 1909,5745 1909,5730 1909,5729 1910,5730 1910,5744 1910,5744 2030,5744 2032,5743 2032,5742 2033,5741 2033,5740 2033,5739 2036,5739 2037,5739 2037,5736 2037,5735 2038,5736 2038,5740 2038,5740 2039,5740 2040,5741 2042,5741 2045,5744 2048,5744 2050,5746 2051,5746 2052,5747 2193,5748 2195,5746 2247,5746 2248,5745 2248,5735 2249,5734 2249,5733 2249,5733 2256,5733 2259,5730 2261,5730 2263,5728 2275,5728 2276,5729 2278,5729 2279,5729 2279,5730 2280,5731 2280,5747 2280,5748 2318,5748 2319,5749 2492,5749 2494,5748 2494,5747 2495,5746 2495,5741 2496,5740 2496,5738 2499,5735 2499,5734 2501,5732 2501,5731 2502,5729 2505,5729 2508,5726 2509,5726 2510,5725 2511,5725 2512,5724 2513,5724 2514,5723 2515,5723 2516,5722 2517,5722 2518,5721 2530,5721 2531,5720 2532,5720 2533,5721 2534,5721 2535,5722 2537,5722 2538,5723 2541,5723 2542,5724 2543,5724 2544,5725 2545,5725 2546,5726 2547,5726 2548,5727 2550,5727 2551,5728 2553,5728 2554,5729 2555,5729 2556,5730 2557,5730 2558,5731 2560,5731 2561,5732 2562,5732 2565,5735 2565,5736 2566,5737 2566,5738 2566,5738 2728,5739 2729,5738 2729,5737 2729,5737 2730,5737 2732,5735 2733,5735 2735,5733 2736,5733 2737,5732 2738,5732 2739,5731 2868,5731 2869,5730 2871,5730 2872,5731 2873,5731 2875,5733 2876,5733 2878,5735 2879,5735 2880,5736 2882,5736 2883,5737 2883,5738 2883,5738 2887,5738 2889,5740 2889,5752 2889,5752 2920,5752 2921,5753 3062,5754 3063,5753 3063,5746 3064,5745 3064,5744 3065,5743 3071,5743 3074,5740 3074,5739 3075,5738 3078,5738 3079,5737 3080,5737 3081,5736 3086,5736 3088,5738 3089,5738 3090,5739 3140,5739 3142,5741 3277,5741 3282,5736 3283,5736 3284,5735 3288,5735 3290,5733 3294,5733 3295,5732 3344,5732 3345,5731 3350,5731 3354,5735 3355,5735 3356,5736 3356,5737 3359,5740 3366,5740 3368,5742 3368,5743 3369,5744 3369,5755 3369,5755 3442,5755 3443,5756 3494,5757 3495,5758 3558,5758 3561,5761 3578,5761 3580,5762 3580,5764 3581,5765 3581,5766 3581,5767 3602,5767 3603,5766 3603,5735 3603,5735 3604,5735 3604,5766 3604,5767 3612,5767 3613,5768 3614,5768 3615,5768 3615,5798 3614,5799 3614,5800 3608,5806 3606,5806 3605,5807 3603,5807 3601,5809 3600,5809 3600,5809 3600,5810 3597,5813 3595,5813 3593,5815 3592,5815 3590,5817 3564,5817 3560,5821 3556,5821 3555,5822 3508,5822 3507,5823 3507,5825 3505,5827 3505,5829 3504,5830 3503,5832 3501,5834 3501,5835 3501,5836 3499,5836 3498,5837 3497,5837 3496,5838 3491,5837 3490,5838 3487,5838 3486,5839 3486,5840 3486,5840 3482,5840 3481,5841"/>
        <TextEquiv index="0">
          <Unicode>und zugehen. Die n&#228;ch&#383;te nach den Burger&#11799;</Unicode>
        </TextEquiv>
        <TextEquiv index="1">
          <Unicode>und zugehen. Die n&#228;ch&#383;te nach den Burger&#11799;</Unicode>
        </TextEquiv>
      </TextLine>
      <TextLine id="l102">
        <Coords points="3238,5955 3237,5954 3233,5954 3232,5953 3232,5947 3232,5947 2322,5945 2321,5944 2070,5943 2068,5942 2068,5941 2068,5940 2067,5940 2066,5940 2066,5939 2064,5937 2064,5927 2064,5926 1959,5926 1958,5926 1958,5925 1957,5924 1957,5923 1957,5922 1935,5922 1933,5921 1933,5920 1930,5917 1930,5915 1928,5913 1928,5878 1927,5877 1927,5876 1928,5875 1928,5874 1929,5873 1929,5871 1930,5870 1930,5868 1935,5863 1936,5863 1938,5861 2047,5861 2048,5860 2048,5850 2049,5849 2049,5848 2050,5847 2050,5846 2052,5844 2053,5844 2054,5843 2082,5843 2083,5842 2084,5842 2086,5840 2088,5840 2089,5839 2269,5840 2270,5839 2274,5839 2275,5838 2280,5838 2281,5839 2282,5839 2283,5840 2735,5841 2736,5842 3135,5843 3136,5844 3140,5844 3141,5845 3603,5846 3604,5847 3604,5852 3605,5853 3605,5854 3606,5855 3607,5855 3608,5856 3612,5856 3613,5857 3613,5859 3614,5860 3614,5861 3615,5862 3615,5866 3614,5867 3614,5868 3613,5869 3613,5873 3611,5875 3611,5879 3611,5880 3610,5880 3609,5880 3609,5881 3608,5883 3607,5883 3606,5883 3606,5884 3605,5885 3605,5887 3603,5889 3603,5892 3602,5893 3602,5942 3602,5943 3467,5942 3466,5943 3466,5952 3464,5954 3463,5954 3462,5955"/>
        <TextEquiv index="0">
          <Unicode>mei&#383;tern &#383;eyn die Cen&#383;ores, oderStimmei&#383;ter /</Unicode>
        </TextEquiv>
        <TextEquiv index="1">
          <Unicode>mei&#383;tern &#383;eyn die Cen&#383;ores, oderStimmei&#383;ter /</Unicode>
        </TextEquiv>
      </TextLine>
      <TextLine id="l103">
        <Coords points="3348,6069 3342,6069 3341,6068 3341,6067 3340,6066 3340,6065 3338,6063 3337,6063 3336,6062 3336,6061 3335,6060 3335,6049 3335,6048 3282,6048 3281,6047 3136,6047 3134,6048 3134,6049 3132,6051 3132,6052 3132,6053 3039,6053 3038,6053 3038,6057 3036,6059 3036,6060 3035,6061 3033,6060 3032,6061 3030,6061 3029,6062 3027,6062 3026,6063 3023,6063 3022,6064 3016,6064 3015,6063 3013,6063 3012,6062 3011,6062 3009,6060 2933,6060 2933,6059 2932,6059 2930,6058 2930,6052 2929,6051 2929,6043 2929,6042 2773,6042 2772,6043 2709,6043 2708,6044 2707,6044 2706,6043 2525,6042 2521,6046 2521,6047 2521,6047 2398,6047 2397,6048 2397,6049 2396,6050 2396,6051 2396,6051 2395,6051 2394,6052 2386,6052 2383,6050 2383,6049 2381,6047 2381,6045 2380,6044 2380,6036 2380,6035 2161,6035 2160,6035 2160,6045 2158,6047 2158,6048 2156,6051 2155,6051 2154,6052 2131,6052 2130,6052 2130,6053 2130,6054 2129,6054 2124,6049 2124,6047 2123,6046 2123,6038 2123,6038 1944,6037 1942,6039 1942,6040 1941,6041 1941,6048 1940,6049 1938,6049 1937,6050 1935,6050 1932,6048 1932,6022 1930,6020 1930,6008 1929,6007 1929,6006 1930,6005 1930,5981 1931,5980 1931,5971 1932,5970 1932,5968 1933,5967 1933,5963 1934,5962 1934,5961 1938,5957 1939,5957 1939,5957 1939,5956 1941,5954 1943,5954 1944,5953 1944,5952 1945,5951 1951,5951 1952,5950 1955,5950 1956,5951 1958,5951 1960,5953 1961,5953 1964,5957 1964,5972 1965,5972 2122,5973 2122,5972 2122,5967 2123,5966 2123,5962 2124,5961 2124,5960 2130,5955 2131,5955 2133,5953 2134,5953 2136,5951 2138,5951 2138,5950 2138,5949 2140,5948 2142,5948 2143,5947 2170,5947 2171,5946 2174,5946 2175,5945 2183,5945 2184,5946 2186,5946 2189,5949 2190,5949 2190,5949 2190,5950 2191,5951 2191,5954 2192,5955 2207,5955 2208,5956 2210,5956 2210,5956 2210,5960 2212,5962 2213,5962 2214,5963 2215,5963 2217,5965 2218,5965 2219,5966 2221,5966 2222,5967 2223,5967 2225,5969 2228,5969 2229,5970 2363,5970 2363,5970 2363,5967 2364,5966 2364,5965 2365,5964 2365,5963 2369,5959 2371,5959 2376,5954 2376,5953 2377,5952 2379,5952 2380,5951 2381,5951 2382,5950 2384,5950 2385,5949 2392,5949 2393,5948 2394,5949 2395,5949 2395,5950 2395,5956 2396,5956 2509,5956 2511,5959 2511,5961 2512,5961 2550,5961 2551,5962 2734,5963 2736,5960 2736,5959 2738,5958 2739,5958 2740,5957 2742,5957 2743,5956 2745,5956 2746,5955 2775,5955 2776,5954 2780,5954 2781,5953 2787,5953 2788,5954 2945,5954 2947,5952 2953,5952 2954,5953 2962,5953 2964,5956 2964,5957 2966,5958 3029,5958 3033,5963 3033,5968 3034,5968 3196,5969 3197,5967 3197,5966 3199,5965 3201,5965 3202,5964 3204,5964 3205,5965 3206,5965 3207,5966 3207,5970 3208,5971 3208,5972 3209,5973 3210,5973 3211,5974 3238,5974 3240,5976 3240,5978 3241,5979 3288,5979 3290,5981 3492,5981 3501,5973 3600,5973 3601,5972 3602,5972 3603,5970 3603,5969 3604,5969 3608,5969 3611,5972 3611,5976 3610,5977 3610,6033 3609,6034 3609,6035 3609,6036 3608,6036 3606,6038 3605,6038 3604,6039 3602,6039 3601,6040 3596,6040 3595,6040 3595,6051 3595,6052 3511,6052 3509,6054 3379,6053 3378,6054 3378,6057 3376,6059 3375,6059 3374,6060 3374,6062 3372,6063 3371,6063 3371,6064 3371,6065 3370,6065 3369,6065 3367,6067 3365,6067 3364,6068 3363,6068 3362,6069 3350,6069 3349,6070"/>
        <TextEquiv index="0">
          <Unicode>&#383;o auff das Heil / und Wolfahrt / der gantzen</Unicode>
        </TextEquiv>
        <TextEquiv index="1">
          <Unicode>&#383;o auff das Heil / und Wolfahrt / der gantzen</Unicode>
        </TextEquiv>
      </TextLine>
      <TextLine id="l104">
        <Coords points="3044,6181 3043,6180 3037,6180 3036,6179 3035,6179 3034,6178 2637,6177 2636,6176 2627,6176 2626,6175 2623,6175 2622,6174 2468,6173 2467,6172 2465,6172 2463,6170 2462,6170 2461,6169 2212,6169 2211,6168 2203,6168 2202,6167 2191,6167 2189,6164 2189,6163 2188,6163 2187,6163 2186,6161 2186,6160 2185,6159 2185,6156 2184,6156 1972,6155 1971,6154 1968,6154 1967,6153 1966,6153 1965,6152 1961,6152 1960,6151 1958,6151 1955,6148 1953,6148 1950,6145 1949,6145 1947,6143 1946,6143 1944,6141 1943,6141 1942,6140 1942,6139 1941,6138 1940,6138 1937,6135 1907,6135 1907,6135 1907,6129 1907,6128 1926,6128 1927,6128 1927,6104 1928,6103 1928,6096 1929,6095 1929,6090 1930,6089 1930,6087 1931,6086 1931,6085 1936,6080 1936,6079 1937,6078 1937,6077 1940,6073 1941,6073 1942,6073 1942,6072 1944,6069 1945,6069 1946,6068 1947,6068 1948,6067 1950,6067 1952,6065 1954,6065 1955,6064 1957,6064 1958,6063 1961,6063 1962,6062 1967,6062 1968,6061 1979,6061 1980,6060 1981,6061 1984,6061 1985,6062 2021,6062 2023,6064 2460,6065 2461,6066 2464,6066 2465,6067 3432,6069 3434,6067 3435,6067 3436,6066 3590,6067 3591,6066 3591,6054 3593,6053 3595,6055 3595,6064 3595,6065 3608,6065 3609,6066 3614,6066 3615,6067 3616,6067 3619,6069 3619,6070 3620,6071 3620,6076 3618,6078 3618,6079 3616,6081 3615,6081 3614,6082 3613,6082 3612,6083 3611,6083 3610,6084 3610,6098 3608,6100 3607,6100 3607,6100 3607,6101 3601,6107 3601,6128 3599,6130 3595,6130 3595,6130 3595,6134 3594,6135 3594,6141 3593,6142 3591,6142 3590,6143 3590,6149 3589,6150 3589,6151 3588,6152 3588,6154 3587,6155 3587,6159 3586,6160 3586,6162 3585,6163 3585,6164 3582,6167 3582,6168 3580,6170 3067,6169 3067,6169 3067,6175 3065,6177 3064,6177 3064,6177 3064,6178 3062,6180 3060,6180 3059,6181"/>
        <TextEquiv index="0">
          <Unicode>Stadt gute achtung zu geben haben. Auff</Unicode>
        </TextEquiv>
        <TextEquiv index="1">
          <Unicode>Stadt gute achtung zu geben haben. Auff</Unicode>
        </TextEquiv>
      </TextLine>
      <TextEquiv>
        <Unicode/>
      </TextEquiv>
    </TextRegion>
    <TextRegion id="r3" type="header">
      <Coords points="465,187 3354,187 3356,393 2687,390 2615,410 1165,392 1138,423 1074,389 612,391 512,437 468,387"/>
      <TextEquiv>
        <Unicode/>
      </TextEquiv>
    </TextRegion>
    <TextRegion id="r4" type="page-number">
      <Coords points="3438,384 3438,241 3696,241 3696,384"/>
      <TextEquiv>
        <Unicode>42</Unicode>
      </TextEquiv>
    </TextRegion>
    <TextRegion id="r5" type="catch-word">
      <Coords points="3440,6283 3440,6172 3631,6172 3631,6283"/>
      <TextEquiv>
        <Unicode/>
      </TextEquiv>
    </TextRegion>
    <TextRegion id="r6" type="signature-mark">
      <Coords points="2757,6312 2757,6174 2983,6174 2983,6312"/>
      <TextEquiv>
        <Unicode/>
      </TextEquiv>
    </TextRegion>
  </Page>
</PcGts>