3870 6490
200 379 1871 528 dieſe folgen die Weinmeiſter / und Andere /
166 492 1875 625 und darunter die Thurnherren / welche die
207 605 1878 752 Gefangene befragen / und ihre Außſag dem
212 718 1880 864 Rath anzeigen; und / ſo ſie die Leibſtraff ver⸗
207 827 1883 970 dient / auß Erkantnuß deß Rahts / durch die
201 943 1884 1080 Gewaltthätige Meiſter / dem obgedachten
199 1056 1885 1181 Greven / oder Vice Comiti, mit gewiſſen Cæ⸗
209 1165 1886 1292 remonien / übergeben. Und haben die gedach⸗
192 1278 1886 1417 te Magiſtri violentiarum ihre Diener / durch
214 1389 1884 1522 welche ſie die Ubelthäter fangen laſſen; auch
206 1504 1885 1631 die kleinere / und heimliche Mißhandlungen
206 1614 1890 1748 abſtraffen: Aber die jenigen / ſo von ihnen in die
190 1728 1892 1857 Gefängnuß geworffen worden / werden als⸗
211 1837 1893 1972 dann / von den obgedachten Thurnherren /
208 1950 1894 2083 ferners examinirt, und die Studenten / mit
207 2061 1895 2188 einer Beſchreibung ihres Verbrechens / der
191 2171 1896 2306 Hohen Schul Rectori, wann Er ihrer be⸗
197 2277 1897 2421 gehrt; Andere aber / die eine ſchwere Straff
197 2397 1898 2522 verdient / dem Greven / und Schöffen / wie
204 2501 1899 2636 oben gemeldt / übergeben. So aber der Rath
213 2620 1900 2745 ein geringere Straff jemands aufferlegt / ſo
213 2729 1901 2851 wird dieſelbe / durch die obbeſagte gewalt⸗
203 2841 1902 2971 thätige Meiſter / deren zween / vollzogen.
219 2956 1889 3073 Die vier Klag⸗Herren / ſo die Uneinigkeit zwi⸗
217 3068 1894 3189 ſchen den Burgern vertragen / haben auch ein
170 3176 1898 3299 groſſes Anſehen. Sonſten ſeyn in dieſer
246 3287 1899 3401 Stadt auch andere unterſchiedliche Aempter /
237 3400 1902 3520 ſo zum theil auß den weſentlichen Rathsherren /
218 3513 1899 3628 zum theil aber mit denen / ſo nicht mehr im
229 3624 1897 3741 Rath ſitzen / beſtellt werden: als / über die
236 3726 1896 3849 Fleiſchbänck / den Fiſchmarckt / die Müntz /
236 3844 1900 3955 Bier / Holtz / Saltz / und dergleichen. So hat
235 3957 1906 4067 der Rath auch drey Syndicos, darunter einer
251 4067 1926 4178 Anno 1645. Pro-Cancellarius der Hohen
246 4178 1927 4290 Schul geweſen: Item / etliche Secretarios.
243 4285 1927 4405 So haben auch die Zünfften ein jede ihre
246 4391 1928 4508 Bediente; ſonderlich aber einen Zunfftmei⸗
222 4507 1928 4629 ſter / den ſie / insgemein / einen Bannerherrn
248 4618 1931 4731 nennen. Es iſt auch die Stadt / ſo viel das
201 4732 1916 4844 Kriegsweſen anbelangt / in acht Regimenter /
247 4843 1917 4957 und dieſe / meiſtentheils / wieder in acht Rotten
245 4958 932 5065 ab / und eingetheilt.
380 5050 1916 5178 Von Kirchen / Klöſtern / ꝛc. ſeyn allhie ſon⸗
245 5175 1918 5282 derlich berühmt I. der Dom / oder die Ertzbi⸗
261 5284 1919 5400 ſchoffliche Kirch / darinnen viel Heiligthümber
267 5398 1914 5514 gewieſen werden; Als / von den 3. Weiſen auß
263 5508 1914 5625 Morgenland / die man insgemein die drey hei⸗
259 5621 1914 5735 lige König nennt / in einem köſtlichen / von
273 5729 1912 5849 Gold / und Edelgeſtein / zugerichten Be⸗
269 5840 1914 5960 halter / ſo doppelt. In dem obern Theil
269 5958 1935 6074 zeiget man die Cörper der heiligen Felicis, und
266 6064 1935 6217 Naboris, die auch mit den beſagten heiligen
1871 363 3568 497 drey Königen / von Meyland / hieher gebracht
1871 482 3570 608 worden ſeyn ſollen; Item / deß Gregorii, ei⸗
1873 590 3570 720 nes Märtyrers von Spoleto; und deß H. En-
1874 706 3574 835 gelberti, Gravens zu Berg / und Altena / ge⸗
1876 817 3580 944 weſten Ertzbiſchoffs allhie / ſo im Jahr 1225.
1877 933 3576 1055 pro defenſione Eccleſiaſticæ libertatis, &
1878 1044 3577 1166 Romanæ Eccleſiæ obedientia, wie Miræus,
1880 1158 3624 1274 in Faſtis Belgicis, p. 660. redet / gelidten hat.
1882 1266 3579 1381 Es wird da auch verwahret das Haupt S.
1883 1378 3586 1497 Sylveſters / deß Pabſts / und bey dem Grab
1904 1485 3581 1609 S. Irmgardis, Gr. von Zutphen / deß H. Mär⸗
1887 1605 3586 1725 tyrers Gereberni Reliquien; ſein Cörper aber
1888 1716 3587 1833 wird zu Zonsbeck auffbehalten: Item / von
1889 1825 3591 1953 S. Peters Stab / der obere Theil; wie auch
1890 1941 3587 2060 ein Arm von der heiligen Jungfrauen Agnes;
1892 2049 3587 2171 ein Arm von S. German / dem Biſchoff /
1894 2160 3590 2283 und viel andere der heiligen Märtyrer / Beken⸗
1895 2278 3593 2394 ner / und Jungfrauen / Reliquien mehr / in
1896 2388 3596 2502 unterſchiedlichen theuren Behaltnuſſen / und
1898 2496 3597 2612 Bruſtbildern. So ſeyn allda auch ſtattliche
1899 2602 3597 2724 Monſtrantzen / ein gar groſſes ſilbern Creutz /
1900 2721 3663 2840 ſilberne Bilder / anſehenliche Begräbnuſſen /
1902 2837 3601 2951 ein fürtreffliche Bibliotheck / die Stäbe / dar⸗
1904 2948 3601 3063 auß die Jahr der Ertzbiſchofflichen Regierung
1906 3056 3601 3173 zu erkennen; wie die auff einer ehrinen Tafel
1909 3169 2942 3280 allhie ſtehende Vers lauten:
1912 3276 3603 3444 Quot pendere vides baculos, tot Epiſcopus
2405 3420 2638 3478 annos
1912 3452 3386 3619 Huic Agrippinæ præſidet Eccleſiæ.
1912 3596 3602 3730 Man hat ferner / in ſolchem Dom / zu ſehen die
1914 3725 3619 3839 groſſe Glock / von 225. Centnern / und die ſo
1916 3837 3680 3962 ſchwer / als 19. Fuder Weins / iſt. Item /
1916 3948 3609 4063 ein künſtliches Uhrwerck / deſſen Gewicht /
1918 4061 3609 4181 wann mans einmal im Jahr auffziehet / alle
1920 4165 3610 4288 Tag deß Jahrs / ſat der Sonnen / Monds /
1921 4283 3609 4408 und der andern Geſtirn / Lauff / weiſet. Item /
1922 4394 3615 4513 die Capellen / Gelübd⸗Zeichen und anders
1924 4508 3613 4622 mehr. Bey deß Churfürſten Erneſti, Her⸗
1927 4620 3618 4733 tzogens in Bayern / Grabmahl / in dieſer Kir⸗
1929 4729 3607 4847 chen / ſeyn / auſſer dem Bayriſchen auch 16.
1930 4829 3615 4963 Wappen ſeiner Titul in Ertz gegoſſen; dabey
1933 4951 3615 5068 dieſe Teutſche Namen ſtehen; Cölln / Mün⸗
1933 5062 3616 5187 ſter / Hildesheim / Lüttich / Friſingen / Stabel/
1933 5163 3616 5298 Malmedi / Pfaltz / Weſtphalen / Engern /
1934 5282 3618 5409 Bullion / Franchimont, Arnsburg / Loſſen /
1936 5401 3618 5524 Lohen / Horn. Der Haupt⸗Altar im Chor iſt
1938 5517 3618 5627 ein ſchwartzer gantzer Stein / von Namuri⸗
1938 5625 3620 5750 ſchen Marmor / ſo auß der Maas / in den Rhein /
1940 5742 3632 5865 und / auff ſolchem / ferner über ſich hieher ge⸗
1942 5849 3620 5985 führt worden: Iſt 16. Werckſchuh lang / und
1944 5970 3629 6082 8. breit: und wird deßgleichen Werck in dieſer
1961 6075 3630 6208 Landes Gegend nirgends / als zu Linnich / im
