<PcGts xmlns="http://schema.primaresearch.org/PAGE/gts/pagecontent/2019-07-15" xmlns:xsi="http://www.w3.org/2001/XMLSchema-instance" xsi:schemaLocation="http://schema.primaresearch.org/PAGE/gts/pagecontent/2019-07-15 http://schema.primaresearch.org/PAGE/gts/pagecontent/2019-07-15/pagecontent.xsd">
  <Metadata>
    <Creator/>
    <Created>2021-10-12T08:53:17</Created>
    <LastChange>2022-12-07T13:07:58</LastChange>
    <Comments/>
  </Metadata>
  <Page imageFilename="0173.png" imageHeight="6490" imageWidth="3870">
    <ReadingOrder>
      <OrderedGroup id="g2">
        <RegionRefIndexed index="0" regionRef="r3"/>
        <RegionRefIndexed index="1" regionRef="r5"/>
        <RegionRefIndexed index="2" regionRef="r1"/>
        <RegionRefIndexed index="3" regionRef="r2"/>
        <RegionRefIndexed index="4" regionRef="r4"/>
      </OrderedGroup>
    </ReadingOrder>
    <TextRegion id="r1" orientation="0.625" type="paragraph">
      <Coords points="219,6239 219,363 496,364 561,410 639,365 1102,367 1144,399 1199,367 1951,370 1924,6239"/>
      <TextLine id="l1">
        <Coords points="425,504 425,503 413,490 319,491 318,490 315,490 314,489 310,489 309,488 306,488 304,486 302,486 301,485 300,485 299,484 298,484 296,482 295,482 294,481 293,481 290,479 290,478 289,477 289,476 287,474 287,473 286,472 286,471 281,466 281,465 280,464 280,463 279,462 279,458 278,457 278,456 276,454 276,453 275,452 275,434 276,433 276,429 277,428 277,426 279,424 279,422 280,421 279,417 280,417 281,417 283,414 283,413 284,413 285,413 287,410 287,407 289,406 290,405 292,403 293,403 294,402 294,401 295,400 296,400 298,398 299,398 301,396 302,396 303,395 307,395 308,394 309,394 310,393 311,393 311,393 311,388 312,387 1950,369 1950,370 1950,370 316,388 315,389 321,394 332,394 333,395 334,395 335,396 1739,381 1739,381 1739,382 1742,385 1743,385 1743,385 1743,386 1745,388 1752,388 1752,388 1752,392 1753,393 1866,391 1867,392 1868,392 1869,393 1871,393 1876,398 1878,398 1879,399 1881,399 1882,400 1925,400 1928,403 1928,404 1929,405 1929,407 1928,408 1929,418 1927,420 1927,447 1926,448 1926,450 1922,454 1922,455 1919,458 1919,459 1918,461 1917,461 1916,462 1915,462 1914,463 1911,463 1910,464 1739,466 1738,467 1719,467 1717,468 1717,482 1716,483 1716,484 1716,485 1066,492 1065,493 1065,498 1061,502 436,509 436,509"/>
        <TextEquiv index="0">
          <Unicode>G&#252;lcher Lande / ge&#383;ehen. Anno 1645. &#383;tunde</Unicode>
        </TextEquiv>
        <TextEquiv index="1">
          <Unicode>G&#252;lcher Lande / ge&#383;ehen. Anno 1645. &#383;tunde</Unicode>
        </TextEquiv>
      </TextLine>
      <TextLine id="l2">
        <Coords points="387,619 386,618 385,618 384,617 383,617 383,617 383,616 382,615 381,595 381,595 323,595 322,594 288,595 286,593 285,593 284,592 283,592 282,591 280,591 277,588 275,588 272,585 272,563 271,562 271,556 272,555 272,554 273,553 273,529 274,528 274,527 275,526 275,521 275,521 284,521 285,520 387,518 390,515 393,515 395,513 400,513 401,512 559,511 560,510 957,505 958,504 966,504 967,503 968,503 969,502 970,502 971,501 988,501 989,502 1786,493 1787,492 1789,492 1790,491 1791,491 1792,490 1815,490 1816,489 1818,489 1819,488 1828,488 1829,487 1830,487 1831,488 1831,489 1832,490 1832,491 1833,492 1833,499 1834,500 1932,499 1932,499 1933,504 1932,505 1932,508 1930,510 1930,512 1929,513 1928,513 1928,513 1928,514 1927,515 1927,516 1926,517 1926,520 1925,521 1925,523 1923,525 1923,527 1922,528 1922,530 1921,531 1921,533 1920,534 1920,535 1919,536 1919,538 1918,539 1918,540 1917,541 1917,544 1916,545 1916,548 1915,550 1914,550 1912,551 1912,553 1911,554 1911,555 1910,556 1910,560 1909,562 1908,562 1907,562 1907,565 1906,566 1906,567 1904,569 1904,574 1903,575 1903,576 1902,577 1902,580 1902,581 1806,582 1805,582 1805,584 1804,585 1804,587 1803,588 1803,591 1803,592 1802,592 1801,593 1775,593 1774,594 1512,597 1512,598 1512,601 1511,601 690,610 688,613 688,614 686,615 681,615 680,616"/>
        <TextEquiv index="0">
          <Unicode>die Prob&#383;tey die&#383;es Doms / oder hohen Stiffts /</Unicode>
        </TextEquiv>
        <TextEquiv index="1">
          <Unicode>die Prob&#383;tey die&#383;es Doms / oder hohen Stiffts /</Unicode>
        </TextEquiv>
      </TextLine>
      <TextLine id="l3">
        <Coords points="1001,721 1000,720 999,720 998,718 998,702 997,702 848,703 846,705 841,705 840,707 838,707 838,706 838,705 837,705 737,706 735,704 685,704 683,702 446,705 446,705 446,718 444,720 444,721 442,723 441,723 440,724 439,724 438,723 435,723 433,721 429,721 429,720 429,707 428,707 307,708 306,709 304,709 301,706 279,707 278,706 276,706 275,704 275,703 273,702 271,702 271,701 271,697 270,696 270,692 270,691 270,687 271,686 271,655 274,652 274,651 275,650 275,649 276,649 280,649 282,646 362,645 363,644 363,634 364,633 364,631 364,631 365,631 366,630 442,629 443,628 443,627 443,627 444,627 445,626 446,626 448,624 448,623 449,622 453,622 454,621 459,621 461,623 546,622 547,623 548,623 550,625 572,624 574,626 574,631 574,631 640,631 641,631 641,634 642,636 644,636 647,639 648,639 649,640 650,640 651,641 652,641 653,642 654,642 655,643 813,641 814,640 814,636 816,634 817,634 820,631 821,631 822,630 824,630 825,629 825,628 827,626 828,626 829,625 831,625 832,624 833,624 834,623 836,623 838,621 838,620 839,619 851,618 853,620 853,622 853,622 1021,621 1022,620 1024,621 1027,621 1028,622 1029,622 1031,624 1031,625 1033,627 1035,627 1037,629 1038,629 1040,631 1040,641 1040,641 1181,640 1182,639 1182,635 1182,635 1183,635 1184,634 1184,631 1185,630 1186,630 1187,629 1187,628 1187,628 1188,628 1190,626 1191,626 1192,625 1193,625 1194,624 1195,624 1196,623 1196,622 1196,622 1197,622 1198,622 1198,623 1200,625 1200,628 1201,629 1201,630 1201,631 1315,629 1316,629 1316,615 1317,614 1317,612 1317,611 1422,610 1423,610 1423,609 1424,607 1428,607 1429,606 1431,606 1432,607 1433,607 1434,608 1434,619 1434,619 1458,619 1460,620 1460,635 1460,636 1620,634 1621,633 1708,632 1710,630 1806,629 1807,628 1809,628 1811,626 1811,625 1813,623 1887,622 1888,622 1888,614 1890,611 1892,611 1894,613 1894,615 1895,616 1895,626 1895,626 1920,626 1921,627 1922,627 1923,628 1925,628 1927,629 1927,632 1928,633 1928,638 1929,639 1928,640 1928,641 1926,643 1926,644 1924,647 1923,647 1922,647 1922,675 1922,676 1921,676 1919,678 1918,678 1915,681 1914,681 1913,681 1913,682 1913,683 1912,683 1911,684 1880,684 1879,685 1841,686 1840,687 1759,687 1758,686 1757,687 1757,686 1757,685 1755,684 1667,684 1666,684 1482,686 1481,685 1219,687 1216,690 1124,691 1123,693 1123,694 1122,695 1122,696 1121,696 1119,696 1119,697 1119,698 1118,699 1118,700 1116,702 1008,703 1008,703 1008,708 1007,709 1007,713 1006,714 1006,717 1005,718 1005,720 1004,721"/>
        <TextEquiv index="0">
          <Unicode>mit &#383;a&#58834;t dem Obri&#383;ten Archidiaconat; wie</Unicode>
        </TextEquiv>
        <TextEquiv index="1">
          <Unicode>mit &#383;amt dem Obri&#383;ten Archidiaconat; wie</Unicode>
        </TextEquiv>
      </TextLine>
      <TextLine id="l4">
        <Coords points="264,734 1938,716 1940,823 266,841"/>
        <TextEquiv index="0">
          <Unicode>auch das Archicancellariat der Hohen</Unicode>
        </TextEquiv>
        <TextEquiv index="1">
          <Unicode>auch das Archicancellariat der Hohen</Unicode>
        </TextEquiv>
      </TextLine>
      <TextLine id="l5">
        <Coords points="1494,942 1494,939 1493,937 1492,937 1491,936 1487,936 1486,935 1387,937 1386,936 1384,936 1382,934 1382,922 1381,921 1381,916 1381,916 1223,917 1222,918 1222,933 1222,933 1221,933 1219,935 1217,935 1216,936 1213,936 1211,935 1211,934 1210,933 1210,932 1209,931 1209,919 1209,919 1188,919 1187,918 1030,919 1028,921 1028,922 1028,922 896,924 894,926 856,926 855,927 855,930 855,930 853,930 849,926 702,928 701,929 577,930 576,931 574,931 573,932 573,935 573,935 440,937 439,937 439,939 438,941 436,941 432,945 431,945 430,946 426,946 424,944 422,944 421,944 421,942 420,941 420,929 420,928 316,929 315,928 314,928 313,927 306,927 305,926 300,926 299,925 296,925 295,924 286,925 284,923 284,922 280,919 279,919 279,918 277,916 277,915 276,915 275,915 274,913 274,912 273,912 272,912 270,909 270,908 269,907 269,906 268,905 268,901 266,899 266,881 268,879 268,878 269,877 269,876 270,875 271,875 271,874 271,873 272,872 272,869 273,868 273,866 275,864 275,863 276,863 277,863 278,861 278,860 280,859 281,859 282,857 282,855 283,855 285,855 286,854 287,854 288,853 289,853 291,851 294,850 295,849 296,849 297,848 301,848 302,847 304,847 305,846 315,846 316,845 322,845 323,844 329,844 330,845 364,845 364,845 364,846 365,847 422,846 423,847 522,846 523,847 525,847 526,848 526,854 527,855 599,854 600,856 600,859 601,860 601,866 602,866 753,864 754,863 756,863 756,863 756,851 757,850 757,849 758,848 759,848 762,845 846,844 847,843 850,843 851,842 852,842 855,839 888,839 889,838 892,838 893,837 912,837 915,840 916,840 917,841 921,841 922,842 922,843 923,844 1033,842 1035,845 1035,858 1036,858 1212,856 1212,856 1212,854 1213,853 1213,852 1216,849 1216,848 1218,846 1219,846 1220,845 1220,843 1222,841 1223,841 1224,840 1225,840 1227,838 1229,838 1230,837 1232,837 1233,836 1239,836 1240,835 1243,835 1246,838 1249,838 1251,840 1252,840 1253,841 1394,839 1395,838 1397,838 1400,835 1401,835 1405,831 1406,831 1407,830 1411,830 1413,828 1414,829 1536,828 1537,829 1538,829 1540,831 1601,830 1602,831 1754,830 1755,829 1758,829 1759,829 1762,829 1763,830 1765,830 1766,831 1767,831 1770,834 1771,834 1772,835 1810,835 1811,836 1814,836 1815,837 1816,837 1816,837 1816,838 1817,839 1818,839 1818,839 1818,849 1819,850 1886,849 1887,850 1908,850 1911,853 1911,854 1912,855 1913,856 1914,856 1914,856 1914,857 1916,859 1917,892 1918,893 1918,900 1918,901 1921,901 1922,901 1922,902 1921,903 1918,903 1917,904 1912,904 1911,905 1910,905 1908,907 1907,907 1906,908 1852,908 1851,909 1833,910 1833,910 1833,921 1832,922 1832,923 1831,924 1831,928 1830,930 1827,930 1826,931 1668,932 1667,933 1667,934 1667,935 1666,934 1660,934 1659,933 1659,916 1659,916 1510,917 1509,918 1509,923 1508,924 1508,926 1505,929 1505,930 1504,931 1504,932 1500,936 1499,936 1496,939 1496,941 1495,942"/>
        <TextEquiv index="0">
          <Unicode>Schul / mit Vorbewu&#383;t de&#223; P&#228;b&#383;ti&#383;chen</Unicode>
        </TextEquiv>
        <TextEquiv index="1">
          <Unicode>Schul / mit Vorbewu&#383;t de&#223; P&#228;b&#383;ti&#383;chen</Unicode>
        </TextEquiv>
      </TextLine>
      <TextLine id="l6">
        <Coords points="701,1059 700,1058 697,1058 696,1057 695,1057 695,1057 694,1056 692,1054 692,1052 691,1051 691,1047 690,1045 321,1049 320,1048 318,1048 317,1047 310,1047 308,1045 300,1045 299,1044 298,1044 297,1043 296,1043 295,1042 293,1043 292,1042 292,1041 291,1040 290,1040 289,1039 288,1039 286,1037 286,1036 286,1036 285,1036 284,1035 284,1034 284,1034 283,1034 282,1033 282,1032 281,1031 281,1030 277,1026 277,1025 275,1023 275,1022 274,1021 274,1019 273,1018 262,1018 261,1017 261,1016 262,1016 268,1016 268,1015 268,1014 269,1013 269,999 270,998 270,995 271,994 271,991 272,990 272,985 273,984 273,982 274,981 274,979 275,978 275,976 277,974 278,974 280,972 280,971 284,967 285,967 286,966 288,966 289,964 289,963 291,962 295,961 296,960 297,960 298,959 301,959 302,958 304,958 305,957 306,957 307,956 312,956 313,955 315,955 316,954 323,954 324,953 332,953 333,954 1892,937 1894,939 1895,939 1896,941 1896,942 1897,942 1897,943 1898,944 1899,970 1899,971 1910,971 1913,973 1913,995 1912,996 1912,997 1910,999 1910,1000 1907,1003 1907,1005 1907,1006 1903,1006 1902,1006 1902,1007 1899,1011 1898,1011 1897,1012 1893,1012 1892,1013 1892,1014 1892,1014 1883,1014 1881,1016 1878,1016 1876,1018 1876,1022 1875,1023 1875,1035 1875,1035 1869,1035 1868,1036 1867,1036 1866,1037 1079,1046 1078,1046 1078,1047 1077,1048 1077,1050 1077,1051 940,1052 939,1053 940,1056 939,1056"/>
        <TextEquiv index="0">
          <Unicode>Stuls / ledig. Son&#383;ten waren damals / au&#383;&#11799;</Unicode>
        </TextEquiv>
        <TextEquiv index="1">
          <Unicode>Stuls / ledig. Son&#383;ten waren damals / au&#383;&#11799;</Unicode>
        </TextEquiv>
      </TextLine>
      <TextLine id="l7">
        <Coords points="261,1064 1915,1046 1916,1156 262,1174"/>
        <TextEquiv index="0">
          <Unicode>&#383;er de&#223; Herrn Coadjutoris, Herrn Maximi-</Unicode>
        </TextEquiv>
        <TextEquiv index="1">
          <Unicode>&#383;er de&#223; Herrn Coadjutoris, Herrn Maximi-</Unicode>
        </TextEquiv>
      </TextLine>
      <TextLine id="l8">
        <Coords points="262,1180 1914,1162 1915,1267 263,1285"/>
        <TextEquiv index="0">
          <Unicode>liani Henrici, Hertzogens in Bayern / Coad-</Unicode>
        </TextEquiv>
        <TextEquiv index="1">
          <Unicode>liani Henrici, Hertzogens in Bayern / Coad-</Unicode>
        </TextEquiv>
      </TextLine>
      <TextLine id="l9">
        <Coords points="1692,1383 1691,1383 1691,1379 1691,1378 1674,1378 1673,1377 1456,1380 1455,1380 1455,1384 1455,1385 1454,1384 1453,1384 1452,1383 1452,1360 1451,1360 1236,1362 1235,1363 1182,1364 1181,1365 1095,1366 1094,1367 1094,1368 1093,1369 1092,1369 1091,1370 1090,1370 1089,1368 1089,1367 1087,1366 926,1368 926,1368 926,1379 925,1380 925,1381 924,1382 924,1386 923,1388 842,1389 841,1388 841,1372 840,1372 683,1373 683,1374 683,1387 683,1387 551,1389 550,1388 545,1388 544,1387 544,1368 543,1368 490,1368 489,1367 324,1369 323,1370 278,1371 278,1371 278,1372 277,1373 277,1375 276,1376 276,1378 275,1379 275,1380 274,1382 273,1382 272,1382 272,1383 272,1384 271,1384 268,1386 268,1387 268,1388 267,1388 264,1391 263,1391 262,1390 258,1390 257,1389 258,1389 260,1389 260,1388 260,1384 264,1381 265,1381 265,1380 264,1322 267,1320 269,1320 270,1318 270,1290 271,1290 271,1290 271,1294 272,1295 277,1295 278,1296 279,1296 280,1297 281,1297 282,1298 282,1316 283,1317 467,1315 467,1314 467,1300 468,1300 472,1300 473,1299 474,1299 475,1298 475,1298 475,1299 476,1300 476,1310 477,1311 659,1309 659,1308 659,1304 660,1304 661,1304 662,1302 662,1300 664,1298 665,1298 667,1296 669,1296 673,1292 673,1291 675,1289 676,1289 677,1288 682,1288 683,1289 684,1289 685,1290 905,1288 907,1286 910,1286 911,1285 913,1285 913,1284 916,1284 918,1285 919,1285 920,1286 921,1286 923,1288 992,1287 994,1289 994,1294 995,1295 1252,1292 1254,1290 1323,1289 1324,1288 1324,1287 1326,1285 1328,1285 1329,1284 1330,1284 1331,1282 1333,1282 1335,1283 1354,1283 1355,1284 1520,1282 1520,1281 1526,1281 1528,1282 1530,1282 1532,1284 1532,1293 1533,1294 1577,1294 1578,1295 1579,1294 1580,1296 1580,1298 1581,1298 1752,1297 1752,1296 1752,1290 1753,1289 1753,1288 1755,1287 1756,1287 1758,1285 1760,1285 1760,1285 1760,1288 1761,1289 1762,1288 1764,1290 1906,1289 1906,1289 1906,1291 1907,1292 1907,1296 1907,1297 1906,1297 1904,1298 1904,1302 1903,1303 1903,1304 1902,1305 1902,1307 1901,1308 1901,1310 1900,1311 1900,1313 1899,1314 1899,1316 1897,1319 1897,1320 1896,1321 1896,1323 1895,1324 1895,1325 1893,1328 1893,1329 1892,1330 1892,1334 1890,1336 1890,1338 1889,1339 1889,1340 1888,1341 1888,1342 1887,1343 1887,1352 1886,1353 1886,1357 1885,1357 1882,1357 1882,1358 1882,1359 1881,1360 1881,1361 1880,1361 1879,1361 1878,1360 1877,1360 1876,1359 1860,1359 1858,1357 1858,1356 1857,1355 1700,1357 1699,1359 1699,1364 1696,1367 1696,1368 1694,1370 1694,1383 1694,1383"/>
        <TextEquiv index="0">
          <Unicode>jutoris zu Hildesheim / und Berchtesgaden /</Unicode>
        </TextEquiv>
        <TextEquiv index="1">
          <Unicode>jutoris zu Hildesheim / und Berchtesgaden /</Unicode>
        </TextEquiv>
      </TextLine>
      <TextLine id="l10">
        <Coords points="480,1502 479,1502 479,1501 478,1500 478,1499 478,1499 476,1499 474,1497 474,1484 474,1484 294,1486 293,1486 293,1491 292,1492 292,1493 290,1495 290,1496 289,1497 289,1500 288,1502 286,1502 285,1503 283,1503 282,1504 279,1504 278,1503 269,1503 268,1502 268,1499 268,1499 266,1499 265,1498 265,1458 264,1457 264,1456 263,1455 263,1453 262,1452 262,1438 261,1437 261,1434 262,1433 262,1428 263,1427 262,1425 263,1425 264,1425 264,1424 264,1417 265,1416 265,1415 267,1414 268,1414 268,1413 268,1412 270,1411 271,1411 271,1410 271,1409 272,1409 273,1409 274,1408 275,1408 275,1407 275,1406 276,1406 277,1406 279,1404 280,1404 281,1403 286,1403 288,1401 289,1401 289,1401 289,1402 290,1403 321,1402 322,1403 506,1401 507,1400 508,1400 512,1405 512,1406 513,1407 513,1408 514,1408 520,1408 521,1409 522,1409 522,1410 522,1412 523,1413 523,1418 524,1418 681,1416 681,1416 681,1415 685,1411 686,1411 691,1406 692,1406 696,1402 697,1402 698,1401 701,1401 704,1398 706,1398 707,1397 709,1397 710,1396 713,1396 714,1395 828,1394 830,1392 831,1392 833,1390 835,1390 836,1389 867,1388 867,1389 867,1392 868,1392 882,1392 883,1393 885,1393 886,1395 886,1396 889,1399 889,1400 890,1401 890,1402 892,1403 892,1413 893,1414 948,1413 950,1415 1122,1413 1122,1413 1122,1404 1123,1403 1123,1398 1125,1396 1213,1395 1214,1394 1214,1393 1215,1392 1220,1392 1221,1391 1223,1391 1224,1390 1249,1390 1250,1389 1254,1389 1255,1390 1264,1390 1264,1390 1264,1392 1265,1393 1265,1394 1266,1395 1305,1394 1306,1395 1359,1395 1361,1397 1361,1400 1362,1401 1574,1399 1574,1398 1574,1397 1575,1396 1575,1395 1577,1394 1580,1393 1581,1392 1582,1392 1582,1392 1582,1391 1584,1389 1589,1389 1590,1390 1591,1390 1592,1392 1592,1400 1593,1400 1691,1399 1691,1399 1691,1384 1692,1383 1693,1383 1693,1384 1693,1399 1694,1399 1722,1399 1722,1398 1722,1397 1725,1395 1827,1394 1830,1391 1831,1391 1832,1389 1832,1388 1833,1388 1835,1388 1836,1387 1838,1387 1839,1386 1843,1386 1844,1385 1844,1385 1844,1386 1845,1387 1850,1387 1850,1387 1850,1388 1851,1389 1852,1389 1852,1389 1852,1390 1854,1392 1854,1406 1855,1406 1889,1406 1891,1408 1892,1408 1892,1409 1892,1410 1893,1410 1906,1410 1908,1412 1908,1415 1907,1416 1908,1418 1907,1419 1907,1423 1905,1425 1898,1425 1898,1426 1898,1453 1897,1454 1897,1456 1895,1458 1895,1459 1894,1460 1894,1461 1891,1464 1890,1464 1889,1465 1861,1465 1860,1466 1838,1467 1837,1467 1837,1478 1837,1479 1835,1479 1833,1480 1833,1482 1832,1483 1832,1484 1831,1486 1827,1486 1824,1483 1824,1482 1823,1481 1823,1467 1823,1467 1674,1468 1673,1469 1672,1469 1671,1470 1671,1471 1670,1472 1670,1475 1670,1476 1668,1476 1667,1476 1667,1481 1666,1483 1665,1483 1663,1484 1663,1486 1663,1487 1660,1487 1659,1488 1657,1488 1656,1487 1655,1487 1653,1485 1653,1472 1653,1472 1418,1474 1417,1475 1416,1475 1415,1475 1415,1474 1414,1472 1251,1474 1250,1475 1250,1476 1250,1476 1247,1479 1246,1479 1244,1477 1230,1477 1229,1477 1229,1475 1229,1474 1082,1476 1081,1475 1057,1475 1055,1473 877,1475 875,1477 873,1477 871,1479 870,1479 869,1480 864,1480 863,1481 860,1481 859,1482 858,1481 603,1484 602,1485 602,1486 601,1487 601,1490 600,1491 600,1492 598,1494 597,1494 593,1498 592,1498 591,1499 486,1500 484,1502"/>
        <TextEquiv index="0">
          <Unicode>Prob&#383;ts zu S. Gereon in C&#246;lln / &#42843;c. bey die&#383;er</Unicode>
        </TextEquiv>
        <TextEquiv index="1">
          <Unicode>Prob&#383;ts zu S. Gereon in C&#246;lln / &#42843;c. bey die&#383;er</Unicode>
        </TextEquiv>
      </TextLine>
      <TextLine id="l11">
        <Coords points="850,1611 648,1614 648,1613 648,1612 647,1612 584,1612 581,1609 452,1611 451,1610 450,1610 449,1608 448,1596 448,1596 436,1596 435,1595 287,1597 286,1596 278,1596 277,1595 267,1595 265,1593 264,1593 260,1589 260,1581 261,1580 261,1579 262,1578 262,1577 263,1576 263,1573 264,1572 264,1571 265,1571 270,1571 270,1570 270,1533 271,1532 271,1531 272,1530 272,1527 278,1521 278,1520 278,1520 281,1517 282,1517 285,1514 286,1514 288,1512 289,1512 290,1511 292,1511 293,1510 298,1509 299,1508 315,1508 316,1509 321,1509 322,1510 1454,1498 1455,1497 1456,1497 1458,1495 1461,1495 1462,1494 1463,1494 1464,1493 1465,1493 1466,1492 1485,1492 1486,1491 1486,1491 1486,1492 1487,1493 1490,1492 1493,1495 1499,1495 1500,1496 1501,1496 1503,1498 1505,1498 1506,1499 1507,1499 1508,1501 1508,1502 1509,1502 1669,1501 1670,1502 1672,1501 1673,1502 1678,1502 1678,1503 1678,1504 1679,1505 1680,1514 1680,1514 1908,1512 1909,1512 1909,1513 1907,1515 1907,1525 1904,1528 1904,1533 1901,1536 1901,1539 1900,1541 1900,1545 1899,1546 1899,1547 1898,1548 1898,1550 1897,1551 1897,1552 1896,1553 1896,1555 1895,1556 1895,1558 1892,1561 1892,1563 1891,1564 1891,1565 1890,1566 1890,1568 1889,1569 1889,1574 1888,1575 1888,1578 1887,1579 1887,1583 1885,1585 1687,1587 1686,1588 1686,1599 1685,1600 1683,1600 1682,1601 1680,1601 1679,1602 852,1611 851,1612"/>
        <TextEquiv index="0">
          <Unicode>Kirchen / die&#383;e hernachfolgende Domherren /</Unicode>
        </TextEquiv>
        <TextEquiv index="1">
          <Unicode>Kirchen / die&#383;e hernachfolgende Domherren /</Unicode>
        </TextEquiv>
      </TextLine>
      <TextLine id="l12">
        <Coords points="258,1620 1907,1602 1908,1708 259,1726"/>
        <TextEquiv index="0">
          <Unicode>oder Canonici, 1. Herr Franci&#383;cus, Hertzog</Unicode>
        </TextEquiv>
        <TextEquiv index="1">
          <Unicode>oder Canonici, 1. Herr Franci&#383;cus, Hertzog</Unicode>
        </TextEquiv>
      </TextLine>
      <TextLine id="l13">
        <Coords points="220,1728 1921,1709 1922,1821 222,1840"/>
        <TextEquiv index="0">
          <Unicode>von Lothringen / Graff Nicla&#383;en von Vaude-</Unicode>
        </TextEquiv>
        <TextEquiv index="1">
          <Unicode>von Lothringen / Graff Nicla&#383;en von Vaude-</Unicode>
        </TextEquiv>
      </TextLine>
      <TextLine id="l14">
        <Coords points="248,1840 1903,1821 1905,1929 249,1948"/>
        <TextEquiv index="0">
          <Unicode>mont, Hertzogens zu Merc&#339;ur, und Marg&#11799;</Unicode>
        </TextEquiv>
        <TextEquiv index="1">
          <Unicode>mont, Hertzogens zu Merccur, und Marg&#11799;</Unicode>
        </TextEquiv>
      </TextLine>
      <TextLine id="l15">
        <Coords points="254,1954 1904,1936 1905,2041 255,2059"/>
        <TextEquiv index="0">
          <Unicode>graffens von Nommenx, Enickel / und Hen-</Unicode>
        </TextEquiv>
        <TextEquiv index="1">
          <Unicode>graffens von Nommenx, Enickel / und Hen-</Unicode>
        </TextEquiv>
      </TextLine>
      <TextLine id="l16">
        <Coords points="1246,2160 1245,2159 1244,2159 1243,2158 1242,2158 1241,2157 1171,2158 1171,2157 1171,2156 1169,2155 1168,2141 1168,2140 1024,2142 1023,2142 1023,2154 1023,2155 1022,2155 1021,2156 1021,2158 1020,2159 1014,2159 1012,2157 859,2158 858,2159 857,2159 855,2161 853,2161 851,2163 840,2164 839,2163 836,2163 834,2161 831,2161 830,2160 698,2161 697,2162 687,2162 685,2160 684,2148 684,2147 583,2148 582,2147 574,2148 573,2147 465,2148 464,2147 417,2147 415,2146 415,2145 415,2144 320,2145 319,2145 319,2143 319,2142 263,2143 262,2142 258,2142 256,2140 256,2137 257,2136 257,2099 258,2098 258,2097 259,2096 261,2096 264,2093 272,2093 273,2092 295,2092 296,2091 296,2073 297,2072 298,2072 299,2070 300,2070 301,2069 303,2069 304,2070 305,2070 307,2072 307,2073 308,2074 374,2074 375,2075 378,2075 379,2075 379,2086 379,2087 411,2086 412,2087 412,2090 412,2090 567,2089 568,2088 568,2083 569,2082 569,2080 570,2079 570,2078 571,2077 571,2076 574,2073 574,2072 579,2066 584,2066 586,2064 587,2064 587,2065 588,2066 588,2066 693,2065 694,2066 698,2066 699,2067 700,2067 701,2068 772,2067 774,2069 774,2082 774,2082 974,2080 978,2077 978,2076 979,2074 980,2074 982,2073 982,2072 982,2071 1015,2071 1016,2070 1016,2066 1016,2066 1017,2066 1020,2063 1021,2063 1022,2062 1023,2062 1024,2061 1025,2061 1026,2060 1028,2060 1029,2059 1031,2059 1032,2059 1108,2059 1109,2060 1110,2060 1111,2061 1193,2060 1194,2061 1198,2061 1198,2061 1199,2063 1201,2065 1201,2072 1201,2073 1411,2070 1412,2070 1412,2069 1413,2068 1413,2067 1417,2062 1420,2062 1421,2061 1423,2061 1425,2059 1425,2058 1427,2056 1429,2056 1430,2055 1431,2055 1432,2054 1434,2054 1435,2053 1436,2053 1437,2052 1438,2052 1439,2051 1441,2051 1442,2050 1443,2050 1444,2049 1451,2049 1452,2050 1462,2050 1463,2051 1463,2052 1464,2053 1631,2051 1632,2050 1633,2050 1634,2049 1707,2048 1709,2046 1715,2046 1716,2045 1727,2045 1728,2046 1729,2046 1731,2048 1736,2048 1737,2049 1737,2052 1738,2053 1832,2052 1832,2052 1832,2053 1833,2054 1834,2073 1834,2074 1858,2073 1859,2074 1859,2075 1859,2075 1863,2075 1864,2076 1864,2077 1864,2077 1867,2077 1869,2079 1869,2080 1871,2082 1902,2082 1903,2083 1903,2084 1904,2084 1904,2098 1906,2100 1906,2104 1905,2105 1905,2107 1904,2108 1904,2110 1904,2111 1903,2111 1899,2115 1898,2115 1896,2117 1896,2118 1896,2118 1895,2118 1893,2120 1891,2120 1890,2121 1889,2121 1888,2122 1888,2123 1884,2127 1883,2127 1882,2128 1866,2128 1865,2129 1848,2130 1847,2131 1796,2131 1795,2132 1741,2133 1739,2135 1621,2136 1620,2137 1620,2140 1619,2141 1619,2144 1618,2145 1618,2148 1617,2149 1615,2149 1614,2150 1614,2151 1614,2151 1613,2151 1612,2152 1592,2152 1591,2151 1588,2151 1587,2151 1587,2150 1586,2149 1586,2143 1586,2142 1456,2144 1455,2143 1452,2143 1450,2141 1442,2141 1441,2140 1437,2140 1436,2139 1294,2141 1293,2141 1293,2144 1292,2146 1276,2146 1273,2148 1273,2149 1272,2150 1272,2151 1272,2152 1271,2152 1270,2153 1269,2153 1268,2153 1269,2154 1267,2156 1266,2156 1264,2158 1263,2158 1261,2160"/>
        <TextEquiv index="0">
          <Unicode>rici von Lothringen (&#383;o be&#383;agten Graff Nicla&#11799;</Unicode>
        </TextEquiv>
        <TextEquiv index="1">
          <Unicode>rici von Lothringen (&#383;o be&#383;agten Graff Nicla&#11799;</Unicode>
        </TextEquiv>
      </TextLine>
      <TextLine id="l17">
        <Coords points="855,2277 854,2276 849,2277 848,2276 847,2276 847,2275 847,2274 846,2274 843,2274 842,2272 842,2266 841,2266 743,2267 742,2266 730,2266 729,2265 721,2265 720,2264 718,2264 716,2262 713,2262 712,2261 711,2261 709,2259 708,2259 707,2258 706,2258 705,2257 620,2258 619,2257 451,2259 450,2260 449,2260 448,2261 447,2261 446,2260 270,2262 269,2263 268,2263 268,2263 268,2273 267,2274 267,2275 265,2277 265,2278 264,2279 263,2279 262,2280 257,2280 256,2278 255,2250 256,2249 256,2247 257,2246 257,2233 258,2232 258,2191 259,2190 259,2189 260,2188 260,2186 260,2186 261,2186 266,2181 267,2181 268,2180 269,2180 273,2176 274,2176 275,2175 296,2175 297,2174 297,2170 298,2169 298,2167 299,2166 299,2159 299,2158 299,2155 300,2154 301,2156 302,2198 302,2198 311,2198 312,2199 314,2199 315,2200 451,2199 452,2198 454,2198 455,2197 455,2188 457,2186 457,2183 458,2182 458,2181 458,2181 460,2181 461,2182 462,2182 463,2182 463,2183 463,2184 546,2183 547,2183 547,2188 550,2191 550,2192 550,2193 694,2191 695,2191 695,2189 695,2188 698,2188 699,2188 699,2187 699,2186 701,2186 702,2185 703,2185 705,2183 706,2183 707,2182 708,2182 710,2181 710,2179 712,2176 717,2176 719,2174 719,2173 719,2173 725,2173 726,2172 734,2172 735,2171 740,2171 741,2172 753,2172 754,2173 756,2173 757,2173 757,2174 757,2175 776,2174 778,2176 855,2175 856,2176 857,2176 859,2178 859,2184 859,2184 1063,2182 1067,2178 1068,2178 1069,2177 1071,2179 1199,2178 1201,2176 1201,2175 1201,2175 1204,2175 1206,2173 1206,2172 1207,2171 1208,2171 1209,2170 1210,2170 1212,2168 1214,2168 1215,2169 1292,2168 1294,2170 1296,2170 1297,2170 1297,2177 1297,2178 1306,2178 1307,2179 1309,2178 1310,2179 1315,2179 1316,2180 1426,2179 1427,2178 1430,2181 1430,2185 1430,2185 1522,2184 1523,2185 1523,2186 1523,2186 1639,2185 1640,2184 1640,2166 1642,2164 1643,2164 1644,2163 1659,2163 1660,2162 1705,2161 1706,2160 1711,2160 1714,2163 1714,2165 1714,2165 1792,2164 1793,2165 1816,2165 1817,2165 1817,2166 1818,2167 1818,2185 1818,2186 1845,2186 1848,2188 1848,2189 1848,2190 1861,2189 1862,2190 1864,2190 1865,2191 1867,2191 1868,2192 1868,2193 1868,2193 1869,2193 1871,2195 1871,2197 1872,2197 1874,2197 1874,2198 1874,2199 1877,2202 1877,2205 1878,2206 1878,2210 1879,2210 1900,2210 1902,2213 1902,2214 1901,2215 1901,2216 1900,2217 1878,2217 1877,2218 1877,2219 1873,2223 1873,2224 1872,2225 1872,2226 1871,2227 1871,2228 1870,2229 1869,2229 1867,2231 1866,2231 1865,2232 1864,2232 1863,2233 1861,2233 1860,2234 1861,2263 1858,2265 1857,2266 1857,2265 1857,2264 1856,2264 1843,2264 1842,2263 1833,2263 1832,2261 1831,2235 1831,2235 1720,2236 1719,2237 1646,2238 1645,2239 1619,2239 1618,2240 1618,2241 1617,2242 1617,2243 1617,2243 1616,2243 1616,2244 1616,2245 1615,2245 1614,2245 1613,2246 1612,2246 1611,2247 1588,2247 1587,2248 1535,2249 1535,2250 1535,2254 1534,2254 1533,2254 1532,2255 1531,2255 1531,2256 1531,2258 1530,2259 1530,2260 1529,2260 1527,2260 1526,2261 1524,2261 1523,2262 1514,2262 1513,2263 1511,2263 1510,2264 1507,2264 1506,2263 1504,2263 1503,2262 1502,2262 1501,2261 1431,2262 1429,2260 1427,2260 1426,2259 1424,2259 1424,2259 1424,2257 1423,2256 1423,2254 1422,2253 1313,2254 1311,2256 1309,2256 1308,2257 1302,2258 1302,2258 1302,2267 1301,2268 1300,2268 1299,2269 1196,2270 1195,2271 1194,2271 1194,2270 1194,2269 1192,2268 1191,2268 1191,2267 1191,2253 1190,2253 1169,2253 1168,2252 1046,2253 1045,2252 1044,2252 1043,2251 933,2253 931,2255 929,2255 929,2255 929,2256 927,2258 927,2259 926,2260 866,2260 866,2261 866,2270 864,2272 864,2273 863,2274 863,2276 862,2276 858,2276 857,2277"/>
        <TextEquiv index="0">
          <Unicode>&#383;en vierdter Sohn / und de&#223; Hertzogen Philip-</Unicode>
        </TextEquiv>
        <TextEquiv index="1">
          <Unicode>&#383;en vierdter Sohn / und de&#223; Hertzogen Philip-</Unicode>
        </TextEquiv>
      </TextLine>
      <TextLine id="l18">
        <Coords points="266,2397 265,2396 259,2396 258,2395 256,2395 255,2394 255,2389 256,2388 257,2388 259,2386 258,2322 259,2321 259,2320 264,2315 264,2314 266,2313 312,2312 312,2312 312,2294 314,2291 393,2290 394,2289 403,2289 404,2288 1469,2277 1470,2276 1470,2275 1470,2275 1471,2275 1475,2271 1477,2271 1478,2270 1490,2270 1491,2270 1491,2271 1491,2272 1492,2271 1493,2272 1502,2272 1503,2273 1503,2275 1503,2275 1522,2275 1523,2276 1523,2277 1523,2277 1759,2275 1760,2275 1760,2292 1761,2293 1792,2292 1793,2293 1850,2293 1851,2294 1898,2293 1901,2296 1902,2296 1902,2297 1902,2299 1903,2300 1903,2302 1904,2302 1905,2338 1906,2339 1906,2340 1904,2343 1904,2348 1903,2348 1902,2348 1902,2349 1902,2351 1899,2353 1897,2353 1896,2354 1513,2358 1512,2360 1512,2362 1511,2362 1510,2362 1509,2363 1502,2363 1501,2364 1384,2366 1383,2367 1382,2367 1381,2368 859,2373 857,2376 857,2377 855,2379 855,2380 853,2381 280,2388 280,2388 280,2393 280,2394 279,2394 278,2394 278,2395 278,2396 270,2396 269,2397"/>
        <TextEquiv index="0">
          <Unicode>pi Emanualis zu Merc&#339;ur, Generals in</Unicode>
        </TextEquiv>
        <TextEquiv index="1">
          <Unicode>pi Emanualis zu Merc&#339;ur, Generals in</Unicode>
        </TextEquiv>
      </TextLine>
      <TextLine id="l19">
        <Coords points="393,2501 392,2501 392,2500 392,2500 389,2500 388,2499 386,2499 384,2497 381,2497 379,2495 379,2490 378,2489 378,2485 378,2485 284,2486 283,2485 281,2485 279,2483 279,2481 279,2481 278,2481 276,2480 273,2480 271,2478 267,2478 266,2477 255,2477 255,2476 255,2474 254,2474 253,2417 252,2416 252,2415 251,2414 251,2412 252,2411 256,2411 256,2410 256,2405 259,2403 261,2403 263,2401 310,2400 311,2399 317,2399 318,2398 319,2398 319,2399 319,2400 320,2400 322,2400 322,2401 322,2402 323,2402 325,2402 325,2403 325,2404 326,2405 326,2421 327,2421 481,2420 483,2418 601,2416 605,2412 607,2412 607,2412 607,2411 608,2410 609,2410 611,2408 612,2408 615,2405 639,2405 640,2404 770,2402 771,2401 772,2401 773,2400 773,2400 773,2399 774,2398 775,2398 776,2397 776,2396 778,2394 793,2394 794,2393 874,2392 875,2391 876,2391 876,2392 876,2412 877,2412 923,2412 924,2413 924,2416 925,2417 1066,2415 1072,2409 1073,2409 1074,2408 1075,2408 1076,2407 1078,2407 1079,2406 1082,2406 1084,2408 1084,2418 1085,2419 1124,2419 1125,2420 1127,2419 1128,2420 1266,2419 1267,2417 1267,2415 1271,2412 1272,2412 1273,2410 1273,2407 1274,2407 1365,2406 1365,2405 1365,2404 1366,2403 1366,2402 1367,2401 1367,2398 1371,2394 1371,2393 1373,2391 1373,2390 1374,2390 1376,2390 1378,2387 1378,2386 1379,2386 1403,2385 1405,2383 1407,2383 1408,2381 1409,2381 1410,2380 1422,2380 1423,2379 1431,2379 1432,2380 1433,2380 1434,2381 1437,2381 1439,2383 1439,2384 1440,2384 1443,2384 1445,2386 1484,2386 1485,2387 1491,2387 1491,2387 1491,2388 1492,2389 1493,2389 1495,2389 1495,2390 1495,2391 1496,2391 1632,2390 1634,2388 1635,2388 1637,2386 1638,2386 1639,2385 1640,2385 1642,2383 1646,2383 1647,2384 1649,2384 1651,2386 1651,2403 1652,2404 1872,2401 1873,2400 1874,2400 1875,2402 1875,2403 1876,2404 1876,2405 1877,2406 1877,2409 1878,2410 1878,2412 1879,2412 1904,2412 1905,2413 1905,2415 1904,2417 1904,2421 1903,2422 1904,2441 1902,2442 1901,2442 1899,2444 1898,2444 1893,2449 1892,2449 1890,2451 1889,2451 1886,2454 1868,2454 1868,2455 1868,2457 1867,2457 1866,2457 1866,2458 1866,2459 1865,2460 1865,2461 1862,2463 1841,2464 1840,2465 1840,2469 1839,2470 1839,2471 1839,2472 1838,2472 1837,2472 1837,2474 1832,2479 1832,2480 1832,2481 1830,2481 1829,2482 1827,2482 1826,2483 1825,2483 1824,2484 1756,2485 1755,2486 1754,2485 1748,2485 1746,2483 1741,2483 1740,2482 1737,2482 1735,2480 1735,2479 1735,2479 1734,2478 1733,2478 1732,2477 1732,2476 1731,2475 1731,2466 1730,2466 1585,2467 1585,2468 1585,2472 1584,2472 1530,2473 1529,2474 1529,2480 1529,2480 1528,2480 1527,2480 1527,2478 1526,2477 1526,2471 1525,2470 1329,2472 1328,2473 1284,2474 1284,2474 1284,2476 1283,2477 1283,2479 1279,2484 1278,2484 1277,2484 1277,2485 1275,2488 1270,2488 1269,2489 1268,2489 1266,2487 1266,2486 1265,2485 1265,2480 1264,2479 1264,2477 1263,2476 1219,2476 1213,2472 955,2474 954,2475 833,2477 833,2478 824,2478 823,2479 822,2479 821,2478 596,2480 595,2481 595,2490 595,2490 594,2490 593,2491 591,2491 590,2491 590,2490 589,2489 589,2488 588,2487 588,2485 587,2484 587,2482 587,2481 420,2483 419,2484 419,2486 418,2487 418,2489 417,2490 417,2491 417,2491 416,2491 414,2493 414,2494 413,2495 413,2497 413,2497 412,2497 411,2498 406,2498 404,2500 403,2500 402,2501"/>
        <TextEquiv index="0">
          <Unicode>Ungarn (der Anno 1601. zu N&#252;renberg ge&#11799;</Unicode>
        </TextEquiv>
        <TextEquiv index="1">
          <Unicode>Ungarn (der Anno 1601. zu N&#252;renberg ge&#11799;</Unicode>
        </TextEquiv>
      </TextLine>
      <TextLine id="l20">
        <Coords points="253,2507 1905,2489 1906,2597 254,2616"/>
        <TextEquiv index="0">
          <Unicode>&#383;torben) Bruder gewe&#383;en / und &#383;ich einen Gra&#11799;</Unicode>
        </TextEquiv>
        <TextEquiv index="1">
          <Unicode>&#383;torben) Bruder gewe&#383;en / und &#383;ich einen Gra&#11799;</Unicode>
        </TextEquiv>
      </TextLine>
      <TextLine id="l21">
        <Coords points="760,2723 760,2722 760,2721 759,2720 759,2719 758,2719 757,2719 757,2718 757,2717 756,2716 756,2715 755,2714 754,2695 754,2695 580,2696 579,2697 514,2698 513,2699 513,2700 509,2704 508,2704 507,2704 507,2701 507,2700 457,2701 456,2701 457,2724 456,2725 453,2725 453,2724 452,2701 452,2701 354,2702 352,2704 268,2705 266,2706 267,2711 266,2712 266,2714 265,2715 265,2718 263,2720 262,2720 262,2720 262,2721 261,2722 256,2722 255,2721 255,2720 254,2719 254,2717 253,2716 252,2694 251,2693 251,2656 252,2655 252,2652 253,2651 253,2649 255,2647 255,2646 256,2645 256,2639 257,2637 257,2635 258,2634 258,2633 259,2632 259,2630 260,2629 260,2628 262,2626 265,2626 269,2622 270,2622 272,2620 276,2620 277,2619 279,2619 280,2620 284,2620 285,2621 286,2621 287,2622 288,2622 290,2624 291,2624 292,2624 292,2643 292,2644 390,2643 391,2644 541,2642 542,2641 542,2638 544,2636 544,2635 545,2634 545,2633 547,2631 547,2630 547,2630 548,2630 550,2628 551,2628 552,2627 553,2627 557,2623 559,2623 560,2622 562,2622 563,2621 568,2621 569,2620 615,2619 616,2618 623,2618 626,2621 719,2620 720,2620 720,2621 721,2622 721,2623 722,2624 722,2626 722,2627 743,2627 744,2628 745,2628 747,2629 747,2641 747,2642 821,2641 822,2642 948,2640 949,2640 949,2639 950,2637 953,2637 954,2636 1012,2636 1014,2634 1014,2628 1015,2627 1015,2624 1017,2622 1017,2621 1017,2621 1020,2621 1023,2618 1024,2618 1025,2617 1025,2616 1025,2616 1026,2616 1027,2615 1033,2615 1034,2616 1036,2615 1037,2616 1039,2616 1043,2620 1164,2619 1165,2618 1225,2617 1226,2616 1227,2616 1229,2618 1229,2634 1229,2634 1234,2634 1235,2635 1348,2634 1349,2634 1349,2617 1350,2615 1413,2614 1414,2613 1415,2613 1416,2612 1418,2612 1419,2611 1421,2611 1422,2610 1423,2610 1424,2609 1428,2609 1429,2608 1434,2608 1435,2607 1439,2607 1440,2606 1441,2606 1442,2605 1446,2605 1447,2606 1448,2606 1449,2607 1478,2607 1478,2607 1478,2609 1479,2610 1559,2609 1559,2609 1559,2610 1560,2611 1566,2611 1567,2611 1567,2613 1568,2614 1568,2628 1569,2630 1689,2628 1690,2628 1690,2626 1692,2624 1692,2620 1694,2617 1757,2617 1758,2616 1758,2615 1758,2615 1759,2615 1761,2613 1761,2612 1761,2612 1763,2612 1764,2611 1766,2611 1767,2610 1766,2609 1767,2609 1769,2608 1771,2606 1772,2606 1773,2605 1779,2605 1780,2604 1783,2604 1784,2605 1789,2605 1790,2606 1794,2606 1795,2607 1797,2607 1797,2608 1797,2609 1799,2610 1871,2609 1873,2611 1873,2613 1874,2614 1874,2636 1874,2636 1898,2636 1900,2638 1900,2639 1901,2640 1901,2654 1902,2655 1902,2661 1900,2663 1900,2664 1900,2664 1899,2664 1898,2665 1898,2666 1895,2669 1894,2669 1893,2670 1892,2670 1890,2672 1889,2672 1884,2677 1884,2678 1883,2679 1881,2679 1879,2681 1866,2681 1865,2682 1864,2682 1863,2683 1863,2684 1862,2685 1862,2686 1862,2686 1820,2687 1819,2688 1816,2688 1815,2689 1814,2689 1813,2688 1812,2688 1811,2687 1810,2687 1810,2686 1810,2685 1804,2685 1800,2682 1800,2681 1799,2679 1797,2679 1795,2677 1677,2679 1676,2679 1676,2684 1675,2685 1675,2686 1674,2687 1674,2689 1671,2692 1671,2693 1670,2695 1572,2696 1571,2696 1572,2702 1569,2705 1569,2708 1568,2709 1562,2709 1560,2711 1554,2711 1553,2710 1552,2710 1551,2708 1551,2707 1550,2707 1547,2707 1547,2706 1546,2701 1546,2701 1437,2702 1436,2701 1348,2702 1347,2701 1346,2701 1345,2701 1345,2695 1345,2694 1306,2695 1305,2694 1292,2694 1291,2693 1163,2694 1162,2695 1160,2695 1159,2696 1158,2696 1157,2697 1104,2698 1103,2698 1104,2707 1102,2709 1101,2709 1101,2709 1101,2710 1099,2712 1094,2712 1093,2713 1092,2713 1091,2714 959,2715 957,2717 792,2719 790,2721 773,2721 772,2722"/>
        <TextEquiv index="0">
          <Unicode>fen von Chaligny ge&#383;chrieben) Sohn / Bi&#11799;</Unicode>
        </TextEquiv>
        <TextEquiv index="1">
          <Unicode>fen von Chaligny ge&#383;chrieben) Sohn / Bi&#11799;</Unicode>
        </TextEquiv>
      </TextLine>
      <TextLine id="l22">
        <Coords points="929,2830 927,2828 862,2828 858,2824 858,2817 857,2816 770,2817 769,2816 713,2817 712,2816 711,2816 710,2815 709,2815 708,2814 705,2814 704,2813 480,2816 480,2816 480,2818 479,2819 444,2819 443,2820 443,2822 442,2823 442,2826 439,2829 416,2829 415,2830 258,2832 257,2831 255,2831 254,2830 254,2829 253,2828 253,2802 251,2801 251,2782 250,2781 250,2769 252,2767 252,2760 253,2759 253,2757 254,2756 254,2748 255,2747 255,2746 256,2745 256,2744 256,2743 257,2743 258,2742 259,2741 259,2740 261,2738 263,2738 266,2735 267,2735 269,2733 270,2733 272,2731 277,2731 278,2730 279,2730 280,2729 449,2727 451,2725 457,2725 458,2725 458,2726 458,2727 467,2727 468,2728 471,2728 472,2728 472,2729 475,2732 475,2737 475,2738 692,2735 694,2734 694,2733 694,2732 695,2732 698,2730 698,2729 698,2728 701,2728 704,2725 705,2725 706,2724 714,2724 715,2723 772,2722 773,2721 788,2721 789,2722 789,2723 789,2723 912,2722 914,2724 917,2724 919,2725 919,2726 919,2727 921,2727 922,2727 922,2728 922,2729 1198,2726 1200,2724 1203,2724 1204,2723 1205,2723 1206,2722 1209,2722 1210,2723 1211,2723 1213,2724 1213,2727 1214,2728 1214,2731 1213,2732 1213,2748 1213,2749 1426,2746 1427,2746 1427,2740 1428,2739 1428,2738 1429,2737 1429,2735 1430,2734 1430,2732 1434,2727 1435,2727 1437,2726 1437,2725 1438,2723 1444,2723 1447,2720 1448,2720 1449,2719 1451,2719 1453,2717 1461,2717 1462,2718 1756,2715 1758,2713 1759,2713 1760,2714 1761,2714 1762,2715 1839,2714 1840,2715 1844,2715 1846,2716 1846,2723 1846,2724 1863,2723 1865,2725 1866,2725 1870,2729 1871,2729 1873,2731 1873,2732 1874,2733 1874,2735 1876,2737 1876,2739 1877,2740 1877,2741 1878,2742 1878,2744 1881,2747 1881,2748 1882,2749 1882,2756 1883,2757 1883,2759 1884,2760 1884,2761 1883,2762 1883,2764 1882,2765 1882,2769 1883,2769 1899,2769 1900,2771 1900,2772 1902,2774 1902,2775 1904,2776 1905,2776 1905,2777 1905,2782 1903,2784 1903,2786 1902,2787 1901,2787 1900,2788 1899,2788 1898,2789 1872,2789 1870,2791 1869,2791 1868,2792 1868,2793 1868,2794 1863,2798 1862,2798 1860,2801 1851,2801 1851,2801 1851,2807 1848,2810 1847,2810 1846,2811 1741,2812 1741,2812 1741,2813 1737,2817 1736,2817 1735,2818 1590,2819 1588,2821 1586,2821 1585,2821 1451,2822 1450,2821 1445,2821 1444,2820 1443,2820 1442,2819 1441,2819 1439,2817 1438,2817 1437,2816 1358,2817 1356,2815 1356,2812 1357,2811 1357,2810 1357,2809 1358,2809 1359,2808 1359,2801 1358,2801 996,2805 995,2806 991,2806 991,2806 991,2808 989,2810 950,2810 948,2813 948,2815 944,2819 943,2819 940,2822 940,2824 937,2827 935,2827 934,2828 933,2828 931,2830"/>
        <TextEquiv index="0">
          <Unicode>&#383;choff / und Graff zu Verdun, F&#252;r&#383;t de&#223; H.</Unicode>
        </TextEquiv>
        <TextEquiv index="1">
          <Unicode>&#383;choff / und Graff zu Verdun, F&#252;r&#383;t de&#223; H.</Unicode>
        </TextEquiv>
      </TextLine>
      <TextLine id="l23">
        <Coords points="249,2839 1907,2820 1909,2931 251,2950"/>
        <TextEquiv index="0">
          <Unicode>R&#246;m. Reichs / und Dechant der Hohen Stiff&#11799;</Unicode>
        </TextEquiv>
        <TextEquiv index="1">
          <Unicode>R&#246;m. Reichs / und Dechant der Hohen Stiff&#11799;</Unicode>
        </TextEquiv>
      </TextLine>
      <TextLine id="l24">
        <Coords points="1112,3072 1112,3071 1111,3071 1110,3071 1109,3070 1109,3064 1109,3064 1107,3064 1106,3063 1106,3060 1106,3060 1104,3060 1103,3059 1103,3049 1103,3049 984,3050 982,3049 982,3033 982,3032 945,3033 944,3032 386,3038 385,3037 385,3033 385,3033 262,3034 259,3031 258,3031 257,3030 256,3030 250,3025 250,2990 249,2989 249,2985 249,2984 250,2984 253,2981 255,2981 256,2980 257,2980 258,2978 258,2975 260,2973 260,2972 262,2971 263,2971 265,2969 266,2969 267,2968 371,2967 371,2966 371,2962 372,2962 374,2962 375,2960 375,2959 376,2958 376,2956 377,2956 378,2956 379,2955 384,2955 384,2954 384,2953 386,2952 392,2952 394,2950 416,2949 417,2948 1641,2935 1642,2934 1643,2934 1644,2935 1645,2935 1648,2938 1650,2938 1650,2938 1650,2939 1651,2940 1750,2939 1751,2940 1752,2940 1753,2941 1754,2941 1755,2942 1756,2942 1756,2942 1756,2957 1757,2958 1849,2957 1851,2959 1873,2958 1874,2959 1898,2959 1899,2960 1905,2960 1905,2961 1905,2964 1903,2966 1903,2971 1902,2972 1903,3005 1901,3007 1901,3008 1900,3009 1900,3012 1898,3013 1897,3013 1897,3014 1897,3015 1896,3015 1849,3016 1847,3018 1759,3019 1759,3019 1759,3037 1758,3039 1755,3039 1752,3042 1178,3048 1177,3049 1174,3049 1173,3050 1146,3050 1145,3051 1145,3057 1145,3057 1142,3057 1141,3058 1141,3060 1141,3060 1139,3060 1136,3063 1136,3064 1135,3065 1135,3068 1135,3068 1134,3068 1133,3069 1129,3070 1128,3071 1114,3071 1112,3073"/>
        <TextEquiv index="0">
          <Unicode>ter C&#246;lln / und Stra&#223;burg. 2. Herr Johann</Unicode>
        </TextEquiv>
        <TextEquiv index="1">
          <Unicode>ter C&#246;lln / und Stra&#223;burg. 2. Herr Johann</Unicode>
        </TextEquiv>
      </TextLine>
      <TextLine id="l25">
        <Coords points="1074,3161 1072,3159 1068,3159 1067,3158 1066,3158 1065,3157 1064,3157 1063,3156 1062,3156 1060,3155 1060,3154 1060,3153 1059,3153 1057,3152 1057,3143 1057,3142 1017,3143 1015,3141 1015,3140 1015,3140 797,3142 795,3144 795,3145 794,3146 794,3148 793,3149 793,3150 792,3151 792,3153 790,3155 789,3155 788,3156 787,3156 786,3157 785,3157 784,3158 783,3158 781,3160 779,3160 778,3159 710,3160 709,3160 709,3159 708,3158 708,3154 707,3153 707,3146 707,3145 686,3145 685,3144 576,3146 575,3147 573,3147 572,3148 565,3148 564,3147 488,3147 487,3147 487,3144 487,3144 311,3145 310,3146 310,3147 309,3148 309,3149 308,3150 308,3152 307,3153 303,3154 302,3155 300,3155 299,3155 299,3156 299,3157 298,3157 297,3158 296,3158 294,3160 290,3160 289,3161 284,3161 281,3164 254,3164 253,3165 246,3165 245,3166 246,3168 245,3168 244,3168 244,3168 243,3165 244,3164 247,3164 247,3164 247,3157 249,3155 249,3154 250,3153 250,3152 253,3149 252,3076 253,3075 253,3074 254,3073 254,3069 256,3067 256,3065 257,3064 257,3063 259,3061 260,3061 261,3060 265,3060 266,3059 284,3059 285,3058 286,3059 293,3059 294,3060 294,3061 296,3063 317,3062 318,3064 319,3076 319,3076 320,3076 322,3078 322,3081 323,3082 323,3085 323,3085 446,3084 447,3083 447,3075 448,3074 449,3074 449,3073 449,3071 451,3069 451,3068 454,3066 457,3066 459,3064 461,3064 462,3063 463,3063 464,3062 545,3061 546,3060 549,3060 551,3058 552,3058 554,3056 561,3056 562,3055 566,3055 567,3054 569,3054 570,3055 573,3055 575,3057 584,3056 584,3057 584,3060 585,3060 598,3060 599,3061 600,3061 601,3062 602,3062 603,3063 604,3063 605,3064 717,3063 718,3062 720,3062 723,3059 725,3059 726,3058 753,3058 754,3057 757,3057 759,3055 760,3055 761,3054 762,3055 766,3054 769,3058 769,3059 770,3060 771,3079 771,3079 871,3078 872,3077 873,3077 875,3076 875,3074 876,3073 875,3072 876,3071 877,3071 877,3071 877,3069 878,3068 878,3067 881,3064 881,3063 882,3062 882,3061 883,3060 885,3060 888,3057 889,3057 890,3056 891,3056 892,3055 898,3055 900,3053 916,3053 916,3053 916,3054 918,3056 922,3056 924,3058 925,3058 925,3058 925,3061 926,3062 927,3062 928,3063 972,3062 973,3063 975,3063 976,3064 1054,3063 1056,3066 1057,3079 1057,3079 1084,3079 1085,3079 1085,3080 1085,3081 1201,3080 1202,3079 1204,3079 1205,3078 1302,3077 1303,3076 1303,3075 1304,3074 1304,3073 1306,3071 1305,3070 1306,3070 1307,3070 1310,3067 1418,3065 1420,3063 1420,3062 1421,3061 1422,3061 1423,3060 1466,3060 1467,3058 1467,3057 1470,3054 1470,3053 1472,3052 1474,3052 1475,3051 1479,3051 1481,3049 1482,3049 1483,3050 1489,3050 1491,3052 1516,3051 1517,3052 1519,3052 1520,3054 1520,3055 1521,3055 1522,3055 1523,3056 1629,3055 1630,3054 1639,3054 1640,3055 1641,3055 1642,3056 1642,3062 1643,3063 1748,3062 1749,3061 1757,3061 1757,3060 1757,3051 1759,3050 1763,3050 1764,3049 1767,3049 1768,3048 1771,3050 1774,3050 1775,3051 1776,3051 1778,3053 1820,3053 1820,3053 1820,3055 1821,3056 1822,3067 1822,3068 1853,3068 1854,3069 1855,3069 1856,3069 1856,3070 1856,3071 1857,3071 1859,3072 1859,3073 1859,3074 1860,3074 1862,3076 1863,3075 1864,3076 1864,3079 1864,3079 1894,3079 1896,3081 1896,3084 1894,3086 1894,3087 1893,3088 1893,3090 1892,3091 1892,3093 1891,3094 1891,3095 1890,3096 1890,3098 1889,3098 1888,3098 1888,3099 1888,3103 1887,3104 1887,3105 1885,3107 1885,3108 1884,3109 1884,3110 1883,3111 1883,3112 1882,3113 1882,3114 1881,3115 1881,3116 1880,3117 1880,3118 1879,3119 1879,3120 1878,3121 1878,3122 1877,3123 1877,3124 1876,3125 1876,3128 1875,3129 1871,3129 1870,3128 1752,3130 1751,3130 1751,3136 1750,3137 1750,3148 1749,3150 1646,3151 1645,3152 1639,3152 1638,3153 1628,3153 1627,3154 1626,3153 1624,3153 1622,3152 1622,3150 1620,3148 1620,3136 1620,3135 1500,3136 1498,3138 1497,3138 1497,3135 1497,3134 1355,3136 1352,3139 1282,3140 1280,3142 1269,3142 1268,3142 1268,3143 1267,3144 1267,3145 1265,3148 1265,3149 1262,3152 1262,3153 1262,3153 1259,3153 1258,3154 1258,3156 1258,3156 1256,3156 1255,3155 1254,3155 1253,3154 1252,3154 1250,3153 1250,3141 1250,3140 1214,3141 1213,3140 1213,3139 1212,3138 1212,3136 1212,3136 1100,3137 1099,3137 1099,3138 1098,3139 1098,3140 1097,3141 1097,3144 1095,3146 1095,3149 1094,3150 1094,3151 1093,3152 1093,3153 1092,3155 1091,3155 1087,3159 1082,3159 1081,3160 1078,3160 1077,3161"/>
        <TextEquiv index="0">
          <Unicode>Jacob / Graff zu K&#246;nigsegg / und Rothenfels /</Unicode>
        </TextEquiv>
        <TextEquiv index="1">
          <Unicode>Jacob / Graff zu K&#246;nigseag / und Rothenfels&#11799;</Unicode>
        </TextEquiv>
      </TextLine>
      <TextLine id="l26">
        <Coords points="249,3171 1899,3153 1900,3262 250,3280"/>
        <TextEquiv index="0">
          <Unicode>Herr zu Aulendorff / und Stauffen / Subde-</Unicode>
        </TextEquiv>
        <TextEquiv index="1">
          <Unicode>Herr zu Aulendorff / und Stauffen / Subde-</Unicode>
        </TextEquiv>
      </TextLine>
      <TextLine id="l27">
        <Coords points="1409,3378 1408,3377 998,3382 996,3380 995,3380 994,3379 615,3383 615,3383 615,3379 613,3377 613,3368 612,3367 559,3368 559,3367 559,3366 557,3365 449,3366 449,3365 449,3361 448,3361 300,3363 298,3361 267,3361 266,3360 265,3360 263,3358 260,3358 255,3353 254,3350 252,3348 252,3347 251,3346 251,3345 250,3344 250,3334 251,3333 251,3326 253,3324 253,3323 261,3314 261,3313 262,3313 264,3313 265,3312 266,3312 267,3311 272,3311 273,3310 274,3310 275,3309 510,3306 510,3306 510,3302 511,3301 511,3299 512,3298 512,3297 512,3296 514,3296 515,3296 515,3294 516,3292 517,3292 518,3292 518,3291 518,3290 570,3290 571,3289 571,3288 572,3287 624,3286 627,3283 629,3283 630,3282 634,3282 635,3281 637,3281 638,3280 771,3278 772,3277 773,3277 774,3276 775,3276 776,3275 814,3275 816,3277 817,3277 818,3277 818,3278 818,3279 1742,3269 1743,3270 1746,3270 1747,3270 1747,3271 1748,3272 1748,3293 1748,3294 1763,3294 1764,3295 1837,3294 1838,3295 1854,3295 1855,3296 1859,3296 1861,3297 1862,3297 1862,3297 1862,3298 1865,3301 1865,3302 1866,3303 1866,3304 1867,3305 1867,3311 1868,3311 1898,3311 1900,3314 1900,3316 1898,3318 1895,3318 1894,3319 1875,3319 1874,3320 1874,3341 1872,3343 1816,3344 1814,3346 1624,3348 1624,3349 1624,3352 1623,3353 1623,3358 1622,3359 1622,3361 1621,3362 1621,3363 1619,3364 1618,3364 1618,3365 1618,3366 1617,3367 1617,3369 1616,3369 1614,3369 1614,3370 1614,3371 1612,3372 1611,3372 1610,3373 1608,3373 1608,3374 1608,3375 1606,3376"/>
        <TextEquiv index="0">
          <Unicode>canus die&#383;er C&#246;llni&#383;chen Kirchen. 3. Fran-</Unicode>
        </TextEquiv>
        <TextEquiv index="1">
          <Unicode>canus die&#383;er C&#246;llni&#383;chen Kirchen. 3. Fran-</Unicode>
        </TextEquiv>
      </TextLine>
      <TextLine id="l28">
        <Coords points="1259,3495 1258,3494 1194,3495 1193,3494 1193,3493 1192,3492 1192,3489 1190,3487 1190,3474 1189,3474 1086,3475 1084,3477 1082,3477 1080,3480 1080,3481 1077,3484 1075,3484 1072,3487 1068,3487 1067,3488 1064,3488 1063,3489 1062,3489 1061,3488 1060,3488 1059,3487 1058,3487 1057,3486 1054,3486 1053,3485 1049,3485 1048,3484 1046,3484 1045,3484 1045,3482 1044,3481 964,3482 964,3483 964,3484 963,3485 963,3486 962,3487 960,3487 958,3489 957,3489 956,3490 955,3490 954,3491 894,3492 892,3494 889,3494 887,3493 887,3489 887,3488 871,3488 870,3488 870,3487 869,3486 869,3481 868,3480 868,3471 867,3470 753,3472 752,3473 749,3473 747,3475 745,3475 743,3477 740,3477 739,3478 734,3478 734,3478 734,3479 733,3480 660,3481 659,3482 655,3482 654,3483 652,3483 651,3484 650,3484 649,3485 587,3485 587,3486 587,3488 581,3494 581,3495 581,3496 575,3496 574,3497 572,3497 571,3498 565,3498 564,3499 558,3499 557,3500 556,3499 549,3499 548,3498 548,3497 544,3493 544,3492 543,3491 543,3488 542,3487 542,3470 541,3470 489,3471 487,3469 421,3469 420,3468 308,3469 307,3468 271,3469 270,3468 267,3468 266,3467 262,3467 255,3460 255,3459 253,3457 253,3455 252,3454 252,3453 251,3452 250,3442 251,3441 252,3441 252,3441 252,3436 253,3435 253,3433 255,3431 256,3431 256,3431 256,3430 258,3428 258,3427 260,3425 261,3425 262,3424 263,3424 264,3423 266,3423 268,3421 270,3421 271,3420 274,3420 275,3419 301,3419 301,3418 301,3406 302,3405 302,3404 305,3402 333,3401 334,3400 334,3399 335,3398 335,3397 336,3396 336,3395 337,3394 337,3393 342,3388 342,3387 342,3386 343,3386 345,3384 346,3384 347,3383 348,3383 349,3382 355,3382 358,3384 358,3385 359,3386 359,3419 360,3420 395,3420 396,3421 400,3420 401,3421 485,3421 485,3420 485,3395 486,3394 487,3394 488,3395 517,3394 518,3395 524,3395 526,3396 534,3396 536,3398 536,3419 537,3420 565,3420 566,3421 567,3421 568,3422 573,3422 575,3424 688,3422 688,3422 688,3420 690,3418 690,3415 691,3414 691,3413 692,3412 692,3411 693,3410 694,3410 694,3410 694,3408 695,3407 695,3405 698,3402 698,3401 699,3400 699,3399 702,3396 702,3395 702,3394 703,3394 704,3394 704,3393 704,3392 705,3392 706,3392 706,3391 707,3389 709,3389 711,3387 712,3387 713,3386 716,3386 717,3385 739,3385 741,3386 741,3390 741,3391 758,3391 762,3394 762,3395 763,3396 763,3398 765,3400 765,3401 766,3402 766,3416 767,3416 865,3415 865,3415 865,3410 867,3408 867,3407 870,3404 870,3403 871,3402 871,3400 872,3399 872,3398 873,3397 874,3397 875,3396 876,3396 879,3392 882,3392 884,3390 908,3390 909,3389 909,3388 909,3388 923,3388 924,3389 925,3389 926,3390 927,3390 929,3391 929,3411 930,3412 960,3411 961,3412 1039,3412 1039,3411 1039,3404 1041,3402 1046,3402 1046,3402 1046,3398 1047,3397 1047,3395 1049,3393 1050,3393 1051,3392 1052,3392 1052,3391 1053,3391 1054,3390 1056,3390 1058,3388 1059,3388 1060,3387 1074,3387 1075,3386 1076,3387 1082,3387 1085,3390 1088,3390 1090,3392 1125,3392 1127,3393 1211,3392 1211,3391 1212,3391 1213,3390 1220,3390 1221,3391 1222,3391 1224,3391 1226,3391 1231,3396 1238,3396 1238,3397 1238,3412 1239,3412 1310,3412 1311,3411 1325,3410 1325,3410 1325,3403 1326,3402 1326,3401 1328,3399 1329,3399 1330,3398 1330,3397 1334,3393 1334,3392 1336,3389 1339,3389 1340,3388 1341,3388 1343,3386 1344,3386 1345,3387 1345,3388 1345,3388 1348,3388 1350,3390 1350,3409 1352,3410 1458,3409 1460,3407 1462,3407 1463,3406 1512,3405 1512,3405 1512,3404 1514,3402 1528,3402 1529,3401 1529,3400 1530,3399 1530,3398 1531,3397 1531,3395 1540,3385 1541,3385 1543,3383 1544,3383 1545,3382 1552,3382 1553,3381 1572,3381 1573,3380 1580,3380 1581,3381 1585,3381 1586,3382 1587,3382 1589,3383 1589,3384 1589,3384 1590,3384 1591,3385 1591,3386 1592,3387 1620,3387 1621,3388 1674,3388 1676,3389 1676,3390 1677,3391 1758,3390 1759,3389 1760,3389 1761,3387 1761,3386 1762,3385 1763,3385 1764,3384 1765,3384 1767,3382 1769,3382 1770,3381 1771,3382 1790,3381 1791,3382 1793,3382 1794,3383 1795,3383 1796,3384 1814,3384 1815,3385 1868,3384 1869,3385 1869,3387 1870,3388 1870,3412 1871,3412 1897,3412 1898,3414 1898,3415 1899,3416 1899,3417 1896,3420 1897,3436 1896,3437 1896,3439 1895,3440 1895,3441 1894,3441 1893,3441 1892,3442 1891,3444 1891,3445 1889,3446 1887,3446 1881,3452 1879,3452 1878,3453 1877,3453 1876,3454 1863,3455 1860,3458 1859,3458 1859,3458 1859,3460 1857,3462 1856,3462 1855,3463 1811,3463 1810,3464 1807,3464 1806,3463 1805,3463 1803,3461 1800,3461 1799,3460 1694,3461 1693,3462 1659,3463 1658,3464 1628,3464 1628,3465 1628,3483 1627,3484 1626,3484 1625,3485 1619,3485 1618,3486 1612,3486 1611,3487 1609,3487 1607,3486 1607,3483 1606,3482 1606,3480 1604,3478 1604,3471 1603,3470 1564,3471 1563,3470 1559,3470 1558,3469 1478,3470 1478,3470 1478,3473 1477,3474 1477,3475 1476,3476 1476,3477 1474,3479 1474,3480 1473,3481 1473,3482 1472,3484 1471,3484 1470,3485 1469,3485 1468,3486 1466,3486 1465,3487 1460,3487 1459,3488 1449,3488 1448,3487 1445,3487 1444,3486 1443,3486 1442,3485 1441,3485 1437,3482 1437,3481 1435,3479 1435,3471 1434,3470 1344,3471 1343,3472 1340,3472 1337,3469 1268,3470 1268,3471 1268,3495 1268,3495"/>
        <TextEquiv index="0">
          <Unicode>ci&#383;cus Ego, Graff zu F&#252;r&#383;tenberg / Chor&#11799;Bi&#11799;</Unicode>
        </TextEquiv>
        <TextEquiv index="1">
          <Unicode>ci&#383;cus Ego, Graff zu F&#252;r&#383;tenberg / Chor&#11799;Bi&#11799;</Unicode>
        </TextEquiv>
      </TextLine>
      <TextLine id="l29">
        <Coords points="1432,3598 1431,3598 1431,3595 1430,3593 1410,3593 1409,3592 1407,3593 1406,3592 1406,3587 1405,3586 593,3594 592,3595 592,3600 590,3602 590,3603 590,3603 589,3603 588,3604 585,3604 582,3602 333,3604 332,3603 331,3603 330,3602 254,3603 252,3601 251,3601 249,3600 248,3525 248,3524 224,3524 223,3524 224,3523 227,3523 228,3522 251,3522 251,3522 251,3521 252,3520 252,3519 254,3517 254,3516 255,3515 255,3514 256,3513 256,3511 258,3509 258,3508 261,3505 262,3505 263,3504 266,3504 267,3503 270,3503 271,3502 463,3500 464,3501 468,3501 469,3502 471,3502 472,3503 473,3503 473,3503 473,3504 474,3505 1251,3496 1252,3495 1268,3495 1269,3494 1626,3490 1627,3489 1642,3489 1645,3492 1649,3492 1650,3493 1651,3493 1652,3494 1700,3493 1701,3494 1703,3494 1703,3495 1703,3496 1704,3496 1778,3495 1781,3499 1781,3500 1782,3501 1782,3510 1783,3510 1855,3510 1856,3511 1857,3511 1858,3512 1859,3512 1860,3513 1861,3513 1861,3513 1861,3514 1862,3515 1862,3516 1863,3517 1863,3518 1864,3519 1865,3519 1865,3519 1865,3520 1866,3520 1896,3520 1898,3523 1899,3548 1896,3551 1896,3552 1895,3552 1893,3552 1892,3553 1891,3553 1891,3554 1891,3555 1889,3556 1888,3556 1887,3557 1885,3557 1885,3558 1885,3559 1884,3560 1884,3561 1877,3567 1876,3567 1875,3568 1848,3569 1846,3572 1845,3572 1844,3573 1830,3573 1829,3573 1829,3592 1829,3593 1801,3593 1800,3594"/>
        <TextEquiv index="0">
          <Unicode>&#383;choff. 4. Berchtoldus, Graff zu K&#246;nigs&#11799;</Unicode>
        </TextEquiv>
        <TextEquiv index="1">
          <Unicode>&#383;choff. 4. Berchtoldus, Graff zu K&#246;nigs&#11799;</Unicode>
        </TextEquiv>
      </TextLine>
      <TextLine id="l30">
        <Coords points="242,3614 1898,3596 1899,3707 243,3725"/>
        <TextEquiv index="0">
          <Unicode>egg / Schola&#383;ticus, und The&#383;aurarius, allhie. 5.</Unicode>
        </TextEquiv>
        <TextEquiv index="1">
          <Unicode>egg / Schola&#383;ticus, und The&#383;aurarius, allhie. 5.</Unicode>
        </TextEquiv>
      </TextLine>
      <TextLine id="l31">
        <Coords points="1416,3823 1415,3822 1414,3822 1413,3821 1412,3821 1412,3821 1412,3818 1411,3817 1411,3805 1410,3804 1235,3806 1234,3805 1186,3806 1184,3804 998,3806 997,3807 892,3808 890,3810 889,3810 887,3812 886,3812 886,3813 886,3814 885,3814 883,3814 882,3815 880,3813 880,3812 879,3811 878,3800 878,3799 829,3800 828,3799 616,3801 615,3802 611,3802 610,3801 525,3802 423,3803 422,3804 420,3802 276,3804 275,3803 270,3803 268,3801 266,3801 265,3800 265,3799 264,3798 261,3798 260,3798 260,3797 260,3796 259,3796 255,3793 255,3791 251,3787 251,3785 248,3782 248,3781 247,3780 247,3774 245,3772 245,3751 244,3750 235,3750 235,3750 236,3749 236,3747 236,3746 250,3746 252,3745 252,3744 254,3741 255,3741 258,3738 260,3738 262,3737 262,3736 263,3734 264,3734 265,3733 266,3733 267,3732 269,3732 270,3731 272,3731 273,3730 277,3730 278,3729 280,3729 281,3728 282,3729 467,3727 468,3726 473,3726 474,3725 482,3725 483,3724 609,3722 610,3721 612,3721 613,3720 616,3720 617,3721 618,3721 621,3724 621,3732 621,3732 910,3729 915,3724 917,3724 919,3722 923,3722 924,3721 971,3720 972,3719 976,3719 977,3720 977,3721 977,3721 1002,3721 1004,3723 1005,3723 1006,3724 1071,3723 1072,3724 1072,3728 1072,3728 1085,3728 1087,3730 1087,3731 1087,3731 1326,3728 1327,3728 1327,3727 1327,3726 1328,3726 1331,3723 1332,3723 1334,3721 1337,3721 1338,3721 1338,3720 1340,3717 1343,3717 1344,3718 1348,3718 1349,3719 1383,3719 1386,3722 1420,3721 1421,3722 1498,3722 1499,3722 1499,3723 1503,3727 1503,3732 1503,3732 1687,3730 1688,3730 1688,3727 1689,3726 1689,3725 1691,3723 1691,3722 1692,3721 1692,3720 1694,3717 1695,3717 1697,3715 1699,3715 1700,3714 1702,3714 1703,3713 1732,3713 1733,3712 1735,3712 1736,3711 1743,3711 1744,3712 1749,3712 1751,3713 1751,3714 1752,3715 1752,3723 1752,3724 1784,3723 1785,3724 1786,3724 1787,3725 1787,3732 1787,3732 1832,3732 1833,3732 1833,3733 1834,3734 1834,3735 1834,3736 1861,3736 1862,3737 1863,3737 1864,3737 1864,3738 1864,3739 1887,3738 1891,3742 1892,3742 1893,3743 1893,3745 1894,3746 1894,3780 1895,3781 1895,3782 1894,3783 1894,3785 1892,3787 1892,3792 1890,3794 1843,3795 1841,3796 1841,3798 1840,3800 1839,3800 1838,3800 1839,3801 1838,3802 1838,3808 1837,3809 1835,3809 1834,3810 1833,3810 1832,3811 1829,3811 1828,3812 1719,3813 1715,3817 1577,3819 1576,3820 1572,3820 1571,3821 1426,3822 1425,3823"/>
        <TextEquiv index="0">
          <Unicode>Otto Ludovicus, Wild&#11799; und Rheingraff / zu</Unicode>
        </TextEquiv>
        <TextEquiv index="1">
          <Unicode>Otto Ludovicus, Wild&#11799;und Rheingraff / zu</Unicode>
        </TextEquiv>
      </TextLine>
      <TextLine id="l32">
        <Coords points="1842,3928 1842,3900 1841,3900 1798,3900 1797,3901 1688,3902 1687,3903 1685,3903 1685,3904 1685,3905 1683,3907 1682,3906 1671,3906 1670,3905 1669,3905 1668,3904 1519,3905 1518,3907 1518,3911 1517,3912 1517,3914 1515,3916 1515,3917 1513,3919 1513,3920 1508,3924 1505,3924 1505,3924 1505,3908 1504,3907 1450,3908 1449,3907 1310,3909 1309,3910 1306,3910 1305,3911 1284,3911 1283,3910 1282,3910 1281,3909 1277,3909 1276,3908 1184,3909 1183,3910 1181,3910 1180,3909 1133,3910 1132,3909 1004,3910 1003,3911 936,3912 935,3913 935,3916 934,3917 932,3917 932,3917 932,3920 930,3922 929,3922 928,3920 928,3916 927,3916 887,3916 886,3915 797,3916 794,3919 742,3920 741,3921 724,3921 723,3920 720,3920 717,3917 638,3918 637,3919 637,3918 637,3914 636,3914 567,3915 566,3916 564,3916 563,3917 495,3917 494,3918 493,3918 493,3919 493,3922 492,3922 491,3923 489,3921 474,3921 474,3920 474,3919 473,3919 316,3920 315,3921 313,3921 312,3922 306,3923 305,3924 297,3924 296,3923 295,3923 294,3922 293,3922 292,3921 291,3921 290,3920 246,3920 245,3919 245,3918 244,3917 244,3911 245,3910 245,3904 246,3902 247,3902 249,3900 250,3900 253,3897 254,3897 254,3897 254,3858 255,3857 255,3855 256,3854 256,3852 257,3851 257,3850 259,3848 259,3846 260,3845 260,3844 264,3839 265,3839 266,3838 266,3837 268,3835 273,3835 275,3833 280,3833 281,3832 288,3832 290,3830 296,3830 297,3831 298,3831 299,3832 304,3832 305,3833 306,3833 307,3834 309,3833 311,3835 312,3835 313,3836 314,3836 315,3837 316,3837 319,3840 322,3840 325,3843 325,3844 326,3845 327,3845 328,3846 328,3847 329,3848 329,3850 333,3854 333,3857 337,3860 338,3860 339,3861 452,3860 454,3858 516,3857 519,3854 519,3849 520,3848 520,3847 520,3846 521,3847 521,3850 524,3853 524,3859 525,3859 628,3858 628,3858 628,3853 630,3850 630,3846 633,3843 635,3843 636,3842 702,3841 704,3839 706,3839 709,3836 710,3836 714,3832 716,3832 717,3831 741,3831 742,3832 745,3832 747,3834 750,3834 751,3835 774,3834 775,3835 851,3835 852,3835 852,3853 853,3854 952,3852 953,3851 953,3850 955,3848 955,3847 956,3845 973,3845 974,3845 974,3836 977,3832 979,3832 980,3833 1006,3833 1007,3834 1016,3834 1017,3835 1019,3835 1020,3836 1022,3836 1023,3837 1061,3836 1062,3837 1063,3837 1064,3838 1065,3839 1065,3840 1066,3841 1066,3860 1067,3860 1102,3860 1103,3861 1226,3859 1228,3857 1229,3857 1231,3859 1246,3859 1247,3860 1253,3860 1254,3861 1333,3860 1334,3859 1367,3859 1367,3858 1367,3831 1367,3831 1368,3831 1369,3830 1379,3830 1380,3831 1382,3831 1383,3832 1455,3831 1456,3832 1458,3832 1459,3832 1459,3834 1459,3835 1515,3834 1517,3836 1517,3837 1518,3838 1518,3854 1519,3854 1556,3854 1557,3855 1672,3854 1673,3853 1676,3853 1677,3851 1677,3850 1680,3848 1681,3848 1681,3847 1683,3846 1686,3843 1687,3843 1689,3841 1692,3841 1693,3840 1741,3840 1742,3839 1742,3829 1742,3829 1743,3829 1744,3828 1750,3828 1752,3826 1758,3826 1759,3825 1797,3824 1798,3823 1800,3823 1801,3822 1805,3822 1806,3823 1808,3823 1810,3825 1810,3831 1810,3831 1863,3831 1864,3831 1864,3832 1865,3833 1865,3867 1866,3868 1888,3867 1888,3868 1888,3870 1889,3870 1895,3870 1896,3871 1899,3871 1900,3873 1900,3875 1899,3876 1899,3877 1899,3877 1898,3877 1897,3878 1891,3878 1890,3879 1869,3879 1868,3880 1869,3896 1868,3897 1868,3898 1866,3900 1843,3900 1843,3900 1843,3928 1842,3929"/>
        <TextEquiv index="0">
          <Unicode>Daun / und Salm / Diaconus Major. 6. Phi-</Unicode>
        </TextEquiv>
        <TextEquiv index="1">
          <Unicode>Daun / und Salm / Diaconus Major. 6. Phi-</Unicode>
        </TextEquiv>
      </TextLine>
      <TextLine id="l33">
        <Coords points="1895,4042 1894,3968 1894,3967 1892,3969 1892,3971 1891,3972 1891,3973 1889,3975 1889,3982 1889,3982 1888,3982 1887,3983 1888,3984 1885,3987 1885,3989 1884,3990 1884,3992 1883,3993 1883,3994 1882,3995 1882,3996 1881,3997 1881,3998 1880,3999 1880,4001 1879,4002 1879,4003 1877,4005 1877,4008 1876,4009 1876,4012 1875,4013 1875,4014 1874,4015 1874,4016 1873,4017 1873,4021 1872,4021 1871,4021 1870,4023 1870,4026 1869,4027 1869,4028 1867,4030 1867,4031 1867,4032 1746,4033 1745,4034 1744,4034 1743,4034 1743,4038 1743,4039 1742,4039 1741,4040 1740,4040 1739,4041 1738,4040 1737,4040 1736,4039 1729,4039 1728,4038 1727,4038 1726,4037 1651,4038 1648,4035 1648,4024 1647,4024 1428,4026 1427,4028 1427,4029 1425,4030 1424,4029 1422,4029 1420,4027 1420,4026 1419,4025 1237,4027 1237,4028 1237,4029 1236,4030 1236,4031 1235,4032 1235,4034 1232,4037 1232,4039 1231,4040 1230,4040 1226,4045 1223,4045 1221,4043 1151,4043 1150,4042 1131,4043 1130,4042 1130,4041 1130,4041 1129,4040 1128,4040 1127,4039 1127,4036 1126,4035 1126,4031 1125,4031 917,4033 916,4035 915,4035 914,4036 912,4036 909,4033 909,4022 908,4022 856,4023 854,4021 659,4023 659,4023 659,4041 659,4042 658,4041 658,4032 657,4031 657,4028 656,4028 554,4029 554,4028 554,4027 553,4027 373,4029 373,4029 373,4054 372,4056 368,4056 367,4057 366,4056 356,4056 354,4054 351,4054 350,4053 347,4053 346,4053 346,4052 346,4051 305,4052 302,4049 301,4049 300,4048 300,4024 299,4024 244,4024 244,4024 244,4020 244,4019 245,4019 247,4017 248,4017 249,4017 248,3954 249,3953 249,3949 251,3946 253,3946 255,3948 255,3949 256,3949 264,3949 265,3950 265,3956 266,3957 290,3957 291,3958 291,3975 292,3976 472,3974 473,3973 490,3973 491,3972 498,3971 498,3971 498,3965 499,3964 499,3962 500,3961 500,3960 503,3957 503,3956 504,3955 504,3954 507,3951 509,3951 510,3950 511,3950 512,3949 514,3949 517,3946 524,3946 525,3947 603,3946 603,3947 603,3948 604,3949 604,3950 605,3950 757,3949 759,3951 759,3953 760,3954 760,3970 761,3971 783,3970 784,3971 948,3970 949,3968 949,3966 950,3965 950,3964 951,3963 951,3960 954,3957 954,3954 958,3950 958,3949 960,3947 961,3947 962,3946 963,3946 963,3946 963,3945 965,3943 966,3943 966,3943 966,3942 966,3941 967,3941 968,3940 969,3940 970,3939 995,3939 996,3940 997,3940 998,3941 1019,3941 1020,3942 1181,3940 1182,3941 1364,3939 1365,3938 1377,3938 1378,3937 1382,3937 1383,3936 1392,3936 1393,3936 1393,3938 1394,3939 1394,3941 1396,3943 1425,3942 1428,3945 1430,3945 1431,3946 1432,3946 1433,3947 1650,3945 1650,3944 1650,3941 1652,3940 1660,3940 1660,3939 1663,3939 1664,3938 1674,3938 1675,3939 1676,3939 1678,3940 1678,3941 1679,3942 1841,3940 1841,3939 1841,3929 1841,3929 1842,3929 1843,3929 1843,3945 1844,3946 1898,3945 1898,3946 1898,3947 1899,3948 1899,3950 1900,3951 1900,3952 1899,3953 1899,3957 1897,3959 1897,3960 1896,3961 1896,3963 1895,3964 1896,4042 1896,4042"/>
        <TextEquiv index="0">
          <Unicode>lippus Salentinus, Graff zu Mander&#383;cheid /</Unicode>
        </TextEquiv>
        <TextEquiv index="1">
          <Unicode>ippus Salentinus, Graff zu Mander&#383;cheid /</Unicode>
        </TextEquiv>
      </TextLine>
      <TextLine id="l34">
        <Coords points="1545,4156 1544,4156 1544,4155 1543,4154 1543,4147 1542,4146 1542,4135 1542,4134 1423,4135 1420,4138 1419,4138 1416,4141 1414,4140 1414,4138 1414,4137 1391,4138 1390,4137 1389,4137 1388,4136 1281,4137 1280,4138 1258,4138 1256,4140 1256,4148 1255,4149 1255,4151 1254,4152 1254,4154 1253,4155 1252,4155 1251,4156 1250,4157 1250,4158 1250,4158 1249,4158 1246,4156 1246,4139 1246,4138 1155,4139 1154,4138 1045,4139 1044,4140 1042,4141 1041,4142 1038,4142 1037,4143 1035,4143 1034,4144 1028,4144 1027,4145 1025,4145 1024,4146 1023,4146 1022,4145 1018,4145 1017,4144 1014,4144 1013,4143 1012,4143 1011,4142 1009,4142 1008,4141 1005,4141 1004,4140 1002,4140 1000,4138 793,4140 791,4142 790,4142 790,4140 790,4139 643,4141 642,4141 642,4154 640,4157 637,4157 635,4159 634,4158 629,4158 628,4157 620,4157 616,4154 616,4144 616,4143 591,4143 589,4142 589,4140 589,4139 445,4141 444,4142 440,4142 439,4141 298,4143 297,4142 295,4142 294,4141 293,4141 292,4140 291,4140 290,4139 290,4138 290,4138 289,4138 287,4136 286,4136 283,4133 253,4133 251,4132 251,4116 250,4115 245,4115 245,4115 245,4112 244,4111 244,4095 243,4094 243,4093 242,4092 242,4091 241,4090 240,4084 241,4083 241,4081 242,4080 242,4075 243,4074 243,4071 244,4070 248,4070 250,4068 253,4068 253,4068 253,4067 255,4065 257,4065 258,4064 259,4064 260,4063 261,4063 262,4062 263,4062 264,4061 265,4061 266,4062 279,4062 281,4064 283,4064 285,4066 287,4066 288,4067 358,4066 359,4067 359,4082 360,4083 478,4082 480,4080 489,4080 489,4079 489,4061 492,4059 501,4058 502,4057 504,4057 505,4056 507,4056 508,4057 510,4057 511,4058 513,4058 515,4060 520,4060 522,4062 523,4062 524,4063 623,4062 625,4060 635,4060 636,4061 637,4061 639,4063 705,4062 706,4064 706,4066 707,4066 708,4066 708,4067 708,4080 709,4080 812,4079 812,4079 812,4077 813,4076 813,4072 815,4070 817,4070 818,4071 818,4080 819,4081 922,4080 922,4079 922,4073 924,4072 925,4072 925,4071 925,4067 926,4067 989,4066 989,4066 989,4065 990,4064 990,4063 991,4062 992,4062 1000,4054 1001,4054 1003,4052 1013,4052 1015,4050 1021,4050 1022,4051 1029,4051 1030,4052 1032,4052 1032,4052 1032,4055 1033,4056 1048,4055 1049,4056 1050,4056 1052,4059 1052,4060 1053,4061 1053,4062 1054,4063 1054,4064 1055,4064 1057,4064 1057,4065 1057,4077 1058,4077 1190,4076 1190,4075 1190,4074 1191,4073 1191,4072 1192,4071 1192,4069 1193,4068 1193,4067 1198,4063 1199,4063 1200,4062 1201,4062 1202,4061 1264,4060 1265,4059 1266,4059 1267,4058 1269,4058 1270,4057 1271,4057 1271,4057 1271,4056 1273,4054 1275,4054 1276,4055 1278,4055 1279,4056 1280,4056 1280,4056 1280,4057 1281,4058 1281,4059 1283,4061 1284,4061 1285,4062 1287,4062 1288,4063 1351,4062 1351,4063 1351,4067 1352,4067 1468,4066 1473,4061 1474,4061 1475,4060 1476,4060 1477,4059 1555,4058 1556,4057 1557,4057 1558,4056 1560,4056 1562,4054 1563,4054 1564,4053 1566,4053 1567,4052 1629,4051 1631,4049 1632,4049 1633,4048 1639,4048 1640,4047 1647,4047 1648,4046 1650,4046 1651,4045 1652,4046 1653,4046 1654,4047 1660,4047 1661,4048 1663,4048 1663,4048 1663,4049 1664,4050 1793,4048 1794,4047 1795,4047 1796,4046 1800,4046 1801,4045 1803,4045 1803,4046 1803,4047 1804,4047 1808,4047 1810,4049 1812,4049 1814,4051 1815,4051 1815,4052 1815,4066 1816,4066 1849,4066 1849,4066 1849,4067 1851,4069 1866,4069 1867,4070 1868,4069 1870,4072 1870,4075 1871,4075 1895,4075 1898,4078 1898,4079 1899,4080 1899,4104 1897,4106 1897,4107 1896,4108 1896,4109 1895,4109 1894,4109 1893,4110 1892,4110 1889,4113 1888,4113 1887,4114 1886,4114 1884,4116 1883,4116 1882,4118 1882,4119 1881,4119 1880,4119 1879,4121 1879,4122 1878,4123 1877,4123 1876,4124 1875,4124 1874,4125 1874,4126 1874,4126 1850,4127 1848,4129 1846,4129 1845,4130 1791,4130 1790,4131 1790,4133 1789,4134 1789,4147 1788,4148 1787,4148 1786,4149 1746,4150 1745,4150 1745,4151 1745,4152 1744,4152 1743,4153 1742,4153 1741,4152 1738,4152 1737,4151 1736,4151 1734,4149 1734,4133 1734,4133 1569,4135 1568,4136 1567,4136 1562,4141 1561,4141 1560,4141 1560,4143 1559,4145 1552,4145 1551,4145 1551,4152 1548,4156"/>
        <TextEquiv index="0">
          <Unicode>Blanckenheim / und Gerolt&#383;tein / de&#223; K&#228;y&#383;er&#11799;</Unicode>
        </TextEquiv>
        <TextEquiv index="1">
          <Unicode>Blanckenheim / und Gerolt&#383;tein / de&#223; K&#228;y&#383;er&#11799;</Unicode>
        </TextEquiv>
      </TextLine>
      <TextLine id="l35">
        <Coords points="1650,4264 1649,4262 1649,4260 1647,4259 1647,4239 1647,4239 1568,4240 1567,4240 1567,4241 1566,4243 1564,4243 1563,4244 1519,4244 1518,4245 1518,4246 1517,4247 1500,4248 1499,4248 1499,4250 1497,4252 1497,4256 1491,4263 1490,4263 1488,4265 1484,4265 1483,4266 1480,4266 1480,4265 1480,4264 1478,4263 1475,4263 1475,4262 1474,4248 1474,4248 1417,4248 1416,4248 1416,4246 1416,4245 1357,4246 1356,4247 1356,4248 1355,4249 1355,4251 1353,4253 1353,4254 1352,4255 1352,4256 1350,4258 1350,4259 1349,4260 1348,4260 1347,4262 1347,4264 1345,4265 1344,4265 1342,4267 1336,4267 1336,4267 1335,4249 1335,4248 1266,4249 1265,4250 1263,4250 1262,4251 1262,4260 1262,4260 1260,4260 1259,4261 1258,4261 1257,4262 1258,4267 1256,4268 1255,4267 1248,4267 1248,4267 1248,4266 1247,4265 1246,4252 1246,4251 1192,4252 1191,4251 1182,4251 1181,4250 1175,4250 1172,4247 1168,4247 1166,4245 1107,4246 1104,4249 1061,4249 1059,4251 1059,4252 1058,4253 1058,4256 1051,4263 1050,4263 1049,4264 1048,4264 1046,4266 1045,4266 1044,4267 1043,4266 1043,4265 1041,4264 1040,4264 1039,4263 1039,4262 1036,4259 1036,4250 1036,4250 934,4251 933,4251 933,4260 932,4262 931,4262 930,4263 926,4263 925,4264 919,4264 917,4262 917,4251 917,4251 908,4251 906,4249 853,4250 852,4249 790,4249 789,4250 770,4250 769,4251 769,4253 767,4255 767,4259 766,4260 766,4262 765,4264 764,4264 760,4268 759,4268 758,4269 753,4269 752,4270 746,4270 745,4271 744,4271 743,4270 739,4270 738,4269 734,4269 734,4268 734,4267 733,4266 733,4265 730,4263 730,4262 729,4261 729,4249 729,4249 649,4250 648,4250 648,4251 647,4253 646,4253 645,4252 616,4252 615,4251 549,4252 548,4253 521,4253 520,4254 519,4254 518,4255 513,4255 512,4256 506,4256 505,4255 498,4255 497,4254 495,4254 490,4250 416,4250 415,4251 413,4251 412,4252 412,4253 412,4253 361,4254 360,4254 360,4265 360,4266 359,4266 358,4267 358,4268 356,4270 355,4270 354,4271 352,4269 351,4269 350,4268 347,4268 343,4265 343,4260 343,4259 331,4259 329,4257 327,4257 324,4254 276,4255 275,4254 275,4253 275,4253 251,4253 248,4251 248,4250 247,4248 245,4248 242,4246 242,4244 243,4243 243,4242 244,4241 244,4212 245,4211 245,4189 246,4188 246,4185 249,4182 249,4181 250,4179 251,4179 253,4177 254,4177 256,4175 258,4175 259,4174 260,4174 261,4173 262,4173 263,4175 263,4176 264,4176 336,4175 337,4174 338,4174 339,4173 342,4173 343,4174 344,4174 346,4176 347,4176 350,4179 350,4193 350,4193 469,4192 470,4191 470,4190 471,4189 471,4188 473,4186 473,4183 474,4182 487,4182 488,4181 487,4169 488,4169 489,4169 490,4168 519,4167 520,4166 524,4166 525,4167 533,4167 534,4168 535,4168 536,4170 536,4171 537,4172 538,4194 538,4194 586,4193 588,4191 590,4191 591,4191 591,4189 592,4187 600,4187 601,4187 601,4178 601,4177 603,4177 605,4175 606,4175 607,4174 608,4174 609,4173 610,4173 611,4172 621,4172 621,4172 621,4171 622,4170 656,4170 657,4169 658,4169 658,4169 659,4191 659,4192 754,4191 755,4192 819,4191 820,4190 820,4189 820,4189 859,4189 860,4188 860,4179 861,4178 861,4177 862,4175 913,4175 914,4174 915,4174 916,4173 916,4172 916,4172 918,4172 919,4173 920,4173 922,4174 922,4176 924,4178 924,4184 924,4185 967,4184 968,4185 971,4185 972,4186 972,4191 972,4191 1045,4190 1046,4190 1046,4189 1046,4188 1048,4188 1049,4187 1050,4187 1052,4189 1149,4188 1150,4188 1150,4186 1150,4185 1151,4185 1153,4183 1154,4183 1155,4183 1155,4181 1158,4178 1158,4177 1158,4176 1161,4176 1165,4172 1169,4172 1170,4171 1171,4171 1172,4170 1173,4170 1174,4169 1178,4169 1179,4168 1180,4168 1181,4167 1182,4168 1202,4168 1203,4169 1208,4169 1208,4169 1208,4170 1209,4171 1212,4171 1213,4172 1216,4172 1217,4173 1219,4173 1220,4174 1221,4174 1222,4175 1225,4175 1226,4176 1230,4175 1231,4176 1232,4176 1234,4178 1234,4188 1234,4188 1332,4187 1333,4186 1352,4186 1353,4185 1354,4185 1355,4184 1356,4184 1359,4187 1419,4186 1421,4184 1469,4184 1470,4183 1470,4179 1471,4178 1471,4176 1472,4175 1472,4174 1473,4173 1474,4173 1475,4172 1475,4169 1476,4168 1477,4168 1482,4163 1483,4163 1484,4162 1487,4162 1488,4161 1489,4161 1490,4160 1496,4160 1497,4161 1528,4160 1531,4164 1531,4165 1533,4167 1534,4174 1535,4175 1535,4178 1536,4179 1536,4180 1539,4183 1564,4183 1565,4183 1565,4185 1565,4186 1581,4186 1585,4190 1650,4189 1651,4188 1651,4186 1652,4185 1652,4183 1653,4182 1654,4182 1655,4181 1655,4179 1657,4177 1657,4175 1659,4173 1659,4172 1659,4172 1661,4172 1662,4171 1662,4170 1663,4168 1663,4165 1664,4165 1665,4165 1666,4164 1668,4164 1670,4162 1671,4162 1672,4161 1673,4161 1674,4160 1675,4160 1676,4161 1686,4160 1687,4161 1689,4161 1691,4164 1691,4168 1692,4168 1708,4168 1711,4171 1711,4172 1712,4173 1713,4173 1714,4174 1715,4174 1719,4178 1722,4178 1723,4179 1723,4180 1724,4181 1810,4180 1811,4179 1835,4179 1837,4177 1837,4175 1838,4174 1840,4174 1841,4173 1842,4173 1843,4172 1894,4171 1896,4170 1896,4169 1896,4168 1898,4168 1900,4170 1900,4181 1899,4182 1899,4183 1897,4185 1897,4186 1895,4188 1895,4191 1893,4193 1893,4195 1892,4196 1892,4197 1890,4199 1890,4201 1889,4202 1889,4203 1888,4204 1888,4206 1886,4208 1886,4210 1885,4211 1885,4216 1884,4217 1884,4219 1881,4222 1881,4223 1879,4225 1879,4226 1877,4228 1877,4229 1876,4230 1876,4239 1874,4241 1874,4243 1873,4244 1873,4245 1872,4246 1871,4246 1870,4247 1868,4248 1866,4246 1866,4241 1866,4241 1691,4242 1690,4243 1688,4243 1687,4244 1686,4244 1685,4246 1661,4246 1660,4246 1660,4254 1659,4255 1659,4257 1657,4260 1657,4262 1655,4264"/>
        <TextEquiv index="0">
          <Unicode>lichen Ca&#58834;ergerichts zu Speyer Pr&#230;&#383;ident /</Unicode>
        </TextEquiv>
        <TextEquiv index="1">
          <Unicode>lichen Camergerichts zu Speyer Pr&#230;&#383;ident /</Unicode>
        </TextEquiv>
      </TextLine>
      <TextLine id="l36">
        <Coords points="239,4283 1898,4265 1899,4369 240,4387"/>
        <TextEquiv index="0">
          <Unicode>Diaconus. 7. 8. Ferdinandus Franci&#383;cus,</Unicode>
        </TextEquiv>
        <TextEquiv index="1">
          <Unicode>Diaconus. 7. 8. Ferdinandus Franci&#383;cus,</Unicode>
        </TextEquiv>
      </TextLine>
      <TextLine id="l37">
        <Coords points="1828,4483 1827,4482 1822,4482 1822,4482 1822,4476 1821,4475 1663,4477 1663,4477 1663,4478 1662,4479 1662,4478 1662,4467 1661,4467 1356,4470 1356,4471 1356,4472 1352,4475 1344,4475 1344,4476 1344,4482 1343,4483 1343,4484 1342,4485 1342,4486 1340,4487 1336,4487 1334,4485 1333,4485 1331,4483 1331,4482 1330,4481 1330,4473 1329,4472 1231,4473 1230,4472 1008,4475 1008,4475 1008,4477 1007,4478 1007,4484 1006,4485 1006,4486 1005,4487 1004,4487 1003,4488 1002,4488 1001,4487 976,4487 975,4486 975,4478 974,4477 786,4479 785,4480 784,4480 781,4483 780,4483 779,4484 773,4484 773,4484 773,4467 772,4466 422,4470 421,4472 421,4476 420,4477 420,4481 419,4482 419,4483 416,4486 416,4487 415,4488 415,4489 412,4491 410,4491 408,4493 406,4493 405,4494 402,4495 401,4494 397,4494 396,4493 395,4493 394,4491 394,4490 393,4489 393,4475 392,4475 273,4476 272,4475 248,4475 246,4473 246,4472 245,4471 245,4470 244,4469 243,4469 242,4468 241,4468 239,4466 239,4456 240,4455 239,4428 240,4427 240,4422 242,4420 243,4420 244,4419 245,4419 246,4418 246,4417 247,4416 247,4415 249,4413 342,4412 342,4412 342,4411 343,4410 343,4403 346,4399 396,4399 397,4398 397,4392 397,4392 433,4391 434,4392 506,4391 508,4393 508,4394 509,4395 509,4412 510,4412 805,4409 805,4409 805,4406 806,4405 806,4403 807,4402 807,4401 809,4399 809,4398 811,4396 811,4395 814,4391 815,4391 817,4389 819,4389 824,4384 834,4384 835,4383 836,4384 840,4384 841,4385 850,4385 851,4385 851,4387 851,4388 1021,4386 1022,4385 1023,4385 1024,4386 1031,4386 1032,4387 1034,4387 1036,4389 1037,4389 1040,4391 1040,4399 1040,4400 1250,4397 1251,4397 1251,4396 1252,4394 1254,4394 1255,4393 1322,4392 1325,4389 1329,4389 1332,4386 1335,4386 1337,4384 1340,4384 1342,4386 1342,4397 1342,4397 1358,4397 1362,4401 1362,4402 1365,4405 1365,4406 1366,4406 1426,4405 1427,4406 1737,4403 1737,4402 1737,4399 1739,4397 1740,4397 1741,4396 1742,4396 1744,4394 1745,4394 1746,4393 1747,4393 1748,4392 1750,4392 1752,4390 1753,4390 1754,4389 1755,4389 1759,4385 1761,4385 1762,4384 1763,4384 1765,4382 1767,4382 1769,4380 1769,4379 1769,4379 1770,4379 1771,4378 1776,4378 1777,4378 1777,4379 1777,4380 1779,4379 1780,4380 1853,4380 1857,4384 1858,4384 1862,4388 1866,4388 1867,4388 1867,4389 1868,4390 1868,4409 1869,4410 1897,4409 1899,4412 1899,4432 1900,4433 1900,4435 1899,4436 1899,4438 1898,4439 1898,4440 1897,4441 1896,4441 1893,4444 1891,4444 1887,4449 1887,4450 1885,4451 1884,4451 1880,4456 1880,4457 1878,4458 1858,4459 1858,4459 1858,4460 1857,4461 1857,4464 1855,4466 1835,4466 1834,4467 1834,4468 1833,4469 1833,4475 1832,4476 1832,4482 1831,4483"/>
        <TextEquiv index="0">
          <Unicode>und Johannes, Graffen / und Herren von O&#383;t&#11799;</Unicode>
        </TextEquiv>
        <TextEquiv index="1">
          <Unicode>und Johannes, Graffen / und Herren von O&#383;t&#11799;</Unicode>
        </TextEquiv>
      </TextLine>
      <TextLine id="l38">
        <Coords points="1624,4604 1623,4604 1623,4573 1622,4572 1426,4574 1426,4575 1426,4576 1425,4576 1424,4576 1423,4575 1423,4573 1422,4572 1295,4574 1295,4574 1295,4582 1294,4583 1218,4584 1216,4586 1215,4586 1214,4587 1213,4587 1211,4589 1208,4589 1207,4590 1206,4590 1205,4591 1204,4591 1203,4592 1107,4593 1106,4593 1106,4594 1105,4596 1103,4596 1102,4597 1100,4597 1099,4598 1097,4598 1096,4598 1096,4600 1096,4601 1084,4601 1083,4600 1081,4600 1080,4600 1080,4599 1080,4598 1078,4598 1076,4596 1075,4596 1072,4594 1072,4593 1071,4592 1071,4580 1070,4579 889,4581 889,4582 889,4583 888,4584 888,4585 888,4585 862,4586 860,4585 820,4585 819,4584 623,4586 623,4587 623,4588 622,4589 622,4591 621,4592 621,4593 620,4594 620,4596 619,4597 619,4598 618,4599 618,4601 616,4603 616,4604 616,4604 613,4604 611,4603 611,4602 611,4601 610,4601 608,4600 608,4587 607,4586 505,4587 503,4589 421,4590 420,4591 418,4591 417,4592 417,4594 416,4595 410,4595 409,4596 409,4598 409,4598 406,4598 405,4599 405,4600 404,4602 343,4602 342,4603 342,4610 340,4612 340,4613 340,4613 326,4613 325,4613 325,4604 325,4603 319,4603 318,4603 318,4602 318,4601 265,4602 263,4600 261,4600 260,4599 259,4599 258,4598 256,4598 255,4597 251,4597 249,4595 244,4595 241,4593 241,4588 240,4587 240,4585 239,4584 239,4575 240,4574 239,4527 240,4526 240,4524 241,4523 241,4515 243,4513 243,4512 245,4510 247,4510 248,4509 249,4509 250,4508 250,4507 251,4506 255,4506 257,4504 258,4504 258,4504 258,4503 259,4502 260,4502 263,4499 266,4499 267,4498 277,4498 279,4500 284,4500 285,4501 288,4501 289,4502 291,4502 294,4505 297,4505 297,4505 297,4506 298,4507 300,4507 302,4509 416,4507 418,4505 423,4505 424,4504 425,4505 469,4505 469,4505 469,4512 470,4513 573,4512 575,4514 575,4515 576,4516 577,4516 577,4516 577,4518 578,4519 581,4519 582,4520 745,4518 746,4517 747,4517 748,4515 748,4514 750,4513 801,4512 801,4512 801,4511 804,4508 806,4508 806,4508 806,4507 808,4505 810,4505 812,4503 813,4503 814,4502 815,4502 816,4501 821,4501 822,4500 826,4500 827,4501 858,4501 859,4502 860,4502 860,4502 860,4503 862,4505 973,4503 974,4502 975,4502 977,4500 981,4500 983,4502 984,4502 984,4503 984,4518 985,4518 1046,4517 1048,4519 1098,4519 1098,4519 1098,4521 1099,4522 1101,4524 1102,4524 1103,4525 1104,4525 1104,4525 1104,4526 1105,4527 1106,4527 1107,4528 1219,4527 1220,4526 1227,4526 1228,4527 1345,4525 1346,4524 1353,4524 1355,4526 1480,4525 1480,4524 1480,4497 1482,4496 1502,4496 1503,4497 1505,4496 1506,4497 1507,4497 1508,4498 1510,4498 1510,4499 1510,4523 1511,4523 1653,4522 1654,4521 1744,4520 1744,4519 1744,4498 1746,4497 1748,4497 1750,4495 1800,4494 1801,4493 1804,4493 1805,4492 1806,4492 1808,4494 1809,4494 1810,4496 1810,4508 1811,4509 1811,4520 1812,4520 1886,4519 1887,4520 1891,4520 1892,4521 1894,4521 1895,4522 1896,4522 1896,4523 1896,4524 1897,4525 1898,4554 1899,4555 1899,4558 1898,4559 1898,4561 1896,4563 1896,4564 1895,4564 1894,4564 1893,4565 1892,4565 1891,4566 1890,4566 1890,4567 1890,4568 1889,4568 1887,4568 1886,4569 1860,4570 1857,4573 1804,4573 1803,4572 1665,4574 1665,4574 1665,4599 1663,4602 1654,4602 1653,4603 1649,4603 1648,4604"/>
        <TextEquiv index="0">
          <Unicode>Frie&#223;land / und Rittberg. 9. 10. Leopoldus</Unicode>
        </TextEquiv>
        <TextEquiv index="1">
          <Unicode>Frie&#223;land / und Rittberg. 9. 10. Lopoldus</Unicode>
        </TextEquiv>
      </TextLine>
      <TextLine id="l39">
        <Coords points="672,4708 670,4706 670,4694 670,4694 627,4694 626,4693 622,4693 621,4692 593,4692 592,4692 592,4691 592,4690 435,4692 433,4690 376,4691 375,4690 372,4690 371,4689 248,4690 247,4689 245,4689 244,4688 243,4688 242,4688 241,4616 244,4613 248,4613 249,4614 340,4613 340,4614 340,4615 341,4615 400,4615 401,4616 401,4617 402,4618 402,4620 403,4621 503,4619 505,4622 506,4641 506,4641 543,4641 544,4642 723,4640 728,4635 730,4635 731,4634 731,4633 731,4633 732,4633 733,4632 732,4631 733,4631 738,4631 738,4630 738,4626 739,4626 740,4626 740,4625 740,4623 741,4623 749,4623 749,4622 749,4612 750,4612 751,4612 752,4613 1178,4608 1179,4609 1181,4609 1182,4611 1182,4615 1183,4615 1184,4635 1184,4636 1366,4634 1367,4634 1366,4608 1367,4606 1367,4605 1368,4605 1377,4605 1378,4606 1386,4606 1387,4607 1409,4607 1410,4608 1617,4605 1618,4604 1624,4604 1625,4605 1772,4604 1774,4606 1775,4631 1775,4632 1854,4631 1855,4632 1859,4632 1862,4634 1862,4635 1863,4636 1863,4661 1863,4662 1890,4661 1892,4663 1893,4663 1898,4668 1898,4680 1897,4681 1897,4682 1894,4685 1894,4686 1891,4689 1890,4689 1889,4690 1888,4690 1887,4691 1886,4691 1885,4692 1882,4692 1881,4693 1879,4692 1879,4685 1879,4684 1764,4686 1763,4685 1460,4688 1407,4689 1406,4690 1405,4689 1404,4689 1403,4688 1403,4687 1402,4686 1402,4685 1402,4685 967,4689 966,4690 945,4691 944,4692 857,4693 854,4696 825,4696 824,4697 688,4698 680,4706 677,4707 676,4708"/>
        <TextEquiv index="0">
          <Unicode>Fridericus, und Wilhelmus Wunibaldus,</Unicode>
        </TextEquiv>
        <TextEquiv index="1">
          <Unicode>Fridericus, und Wilhelmus Wunibaldus,</Unicode>
        </TextEquiv>
      </TextLine>
      <TextLine id="l40">
        <Coords points="1843,4821 1843,4820 1843,4819 1842,4818 1841,4804 1841,4804 1733,4805 1732,4806 1729,4806 1728,4807 1727,4807 1726,4808 1722,4808 1721,4809 1718,4809 1717,4810 1710,4810 1709,4809 1632,4810 1631,4810 1631,4809 1630,4808 1630,4807 1630,4806 1540,4807 1538,4809 1537,4809 1536,4810 1535,4810 1532,4814 1532,4821 1530,4822 1498,4823 1496,4821 1413,4822 1412,4821 1406,4821 1403,4818 1401,4818 1400,4816 1399,4805 1399,4805 1333,4805 1330,4802 1231,4803 1230,4805 1222,4805 1221,4806 1217,4806 1216,4807 1212,4807 1211,4806 1210,4806 1209,4805 1209,4804 1209,4804 1205,4804 1204,4803 1203,4803 1202,4802 1164,4802 1163,4801 1035,4803 1033,4805 1032,4805 1028,4809 1014,4809 1013,4808 1011,4808 1010,4807 1008,4807 1007,4806 906,4807 905,4808 906,4823 904,4824 897,4824 896,4823 896,4822 895,4821 892,4821 892,4821 891,4810 891,4809 880,4809 878,4808 878,4807 878,4806 775,4807 774,4808 774,4809 774,4809 771,4810 769,4808 767,4808 766,4807 641,4808 639,4810 636,4810 634,4808 634,4807 634,4807 545,4808 544,4809 428,4810 425,4813 414,4813 413,4814 414,4825 412,4826 409,4826 408,4827 404,4828 404,4827 404,4826 402,4824 402,4823 401,4823 322,4823 321,4824 316,4824 316,4825 316,4826 315,4826 314,4825 311,4826 311,4825 310,4803 310,4803 253,4803 252,4802 248,4802 246,4801 246,4800 246,4799 242,4799 241,4799 241,4798 239,4796 239,4737 243,4732 244,4732 245,4731 246,4731 248,4729 249,4729 250,4728 252,4728 254,4730 333,4729 335,4727 336,4727 338,4725 339,4725 340,4724 406,4723 407,4724 412,4724 412,4725 413,4727 413,4727 492,4727 493,4726 492,4724 493,4724 504,4723 506,4725 537,4725 538,4726 539,4726 540,4727 540,4729 540,4729 541,4729 542,4730 593,4729 595,4731 595,4732 595,4732 597,4732 598,4733 598,4734 599,4735 599,4747 599,4747 702,4746 703,4746 703,4745 704,4744 704,4741 706,4739 706,4738 708,4736 708,4735 709,4734 709,4733 712,4729 713,4729 714,4728 717,4728 719,4727 719,4726 719,4725 720,4725 721,4724 725,4724 726,4723 731,4723 733,4725 765,4725 767,4727 768,4727 770,4728 770,4729 771,4730 771,4731 771,4732 886,4730 887,4729 888,4729 889,4730 889,4732 890,4733 895,4733 896,4734 896,4746 896,4746 978,4745 981,4743 981,4738 982,4737 982,4735 987,4730 987,4729 988,4728 988,4727 988,4726 989,4726 991,4724 992,4724 994,4722 996,4722 997,4721 1001,4721 1002,4720 1021,4720 1022,4719 1024,4719 1025,4718 1031,4718 1032,4719 1038,4719 1039,4720 1041,4720 1043,4722 1044,4722 1045,4722 1045,4723 1045,4724 1182,4722 1183,4722 1182,4721 1183,4720 1184,4720 1185,4719 1186,4719 1187,4718 1191,4718 1192,4717 1193,4717 1195,4715 1198,4715 1199,4714 1210,4714 1211,4713 1214,4713 1216,4715 1224,4715 1225,4716 1227,4716 1228,4717 1230,4716 1230,4717 1230,4720 1233,4722 1233,4723 1235,4725 1236,4725 1243,4732 1243,4733 1246,4736 1246,4737 1248,4739 1248,4740 1249,4741 1271,4741 1272,4742 1378,4741 1379,4740 1379,4730 1379,4730 1383,4730 1386,4727 1388,4727 1393,4722 1447,4721 1450,4718 1455,4718 1456,4717 1540,4716 1541,4715 1542,4715 1543,4716 1550,4716 1551,4717 1551,4718 1553,4720 1554,4720 1556,4721 1556,4722 1557,4723 1557,4740 1557,4741 1652,4740 1653,4739 1653,4737 1653,4737 1654,4737 1657,4734 1673,4734 1674,4733 1674,4731 1675,4730 1675,4729 1675,4729 1676,4729 1678,4727 1678,4725 1680,4723 1680,4722 1684,4718 1687,4718 1690,4714 1692,4714 1693,4713 1698,4713 1699,4712 1706,4712 1707,4713 1718,4713 1719,4714 1721,4714 1721,4715 1721,4718 1722,4718 1740,4718 1745,4722 1745,4723 1747,4725 1747,4726 1748,4727 1748,4728 1749,4729 1749,4737 1749,4738 1843,4737 1844,4736 1844,4731 1846,4729 1846,4727 1848,4725 1848,4724 1849,4723 1849,4722 1852,4719 1853,4719 1855,4717 1858,4717 1859,4716 1860,4716 1861,4715 1869,4715 1870,4716 1870,4717 1872,4718 1874,4718 1875,4719 1876,4719 1880,4723 1880,4749 1880,4749 1898,4749 1900,4751 1900,4752 1901,4753 1900,4754 1900,4775 1899,4776 1899,4779 1898,4780 1898,4781 1896,4783 1894,4783 1892,4785 1892,4787 1890,4789 1890,4790 1890,4790 1886,4790 1884,4792 1881,4792 1875,4798 1854,4799 1852,4800 1852,4806 1851,4807 1852,4812 1851,4813 1851,4818 1848,4821"/>
        <TextEquiv index="0">
          <Unicode>de&#223; H. R&#246;m. Reichs Erb&#11799;Druch&#383;e&#383;&#383;en / Graf&#11799;</Unicode>
        </TextEquiv>
        <TextEquiv index="1">
          <Unicode>de&#223; H. R&#246;m. Reichs Erb&#11799;Druch&#383;e&#383;&#383;en / Graf&#11799;</Unicode>
        </TextEquiv>
      </TextLine>
      <TextLine id="l41">
        <Coords points="1845,4933 1844,4932 1839,4932 1838,4931 1837,4931 1835,4929 1834,4929 1833,4927 1833,4925 1831,4923 1831,4914 1830,4914 1721,4915 1720,4916 1717,4916 1716,4915 1551,4917 1550,4916 1549,4916 1548,4915 1505,4916 1505,4915 1505,4914 1503,4913 1502,4913 1501,4912 1416,4912 1415,4913 1394,4914 1394,4914 1394,4916 1391,4919 1391,4920 1388,4923 1388,4925 1384,4929 1382,4929 1381,4930 1380,4930 1379,4931 1378,4931 1376,4929 1375,4929 1374,4927 1374,4926 1372,4924 1372,4913 1371,4913 1331,4913 1330,4912 1268,4913 1267,4912 1170,4913 1168,4916 1168,4917 1167,4917 1166,4917 1165,4918 1164,4918 1163,4919 1162,4919 1161,4920 1149,4920 1149,4921 1149,4929 1147,4930 1144,4930 1141,4927 1141,4912 1140,4911 1054,4912 1051,4915 1026,4916 1024,4918 1023,4918 1023,4918 1023,4919 1021,4921 1020,4919 1020,4917 1019,4917 998,4917 997,4916 945,4917 945,4916 945,4913 944,4913 943,4913 942,4912 941,4912 940,4911 939,4911 939,4910 939,4907 938,4906 937,4891 937,4891 865,4891 864,4892 864,4893 863,4894 863,4898 863,4899 862,4899 861,4899 861,4902 858,4906 858,4908 856,4910 856,4911 855,4912 855,4915 854,4916 854,4917 853,4918 853,4922 852,4923 852,4925 851,4926 851,4927 848,4930 808,4930 808,4931 808,4933 802,4938 797,4938 795,4940 794,4940 793,4941 792,4941 790,4939 789,4939 788,4938 786,4938 785,4937 784,4937 783,4936 782,4936 779,4933 778,4933 777,4932 774,4932 773,4931 773,4918 772,4918 683,4918 681,4920 680,4921 679,4920 601,4920 600,4919 595,4919 594,4918 593,4918 592,4917 511,4918 511,4919 511,4920 505,4926 505,4927 504,4928 502,4929 501,4929 500,4930 499,4930 497,4933 487,4933 485,4935 483,4935 482,4934 480,4934 479,4933 476,4933 475,4932 472,4932 468,4928 467,4928 466,4926 466,4924 465,4923 465,4918 464,4918 392,4919 391,4920 390,4920 390,4920 390,4922 389,4923 389,4925 388,4926 388,4927 387,4928 387,4929 386,4930 385,4930 384,4931 382,4931 379,4934 378,4934 377,4935 376,4935 375,4934 374,4934 372,4931 372,4930 371,4929 371,4926 370,4925 370,4921 368,4920 339,4920 339,4920 339,4917 338,4916 257,4917 257,4918 257,4932 256,4933 256,4934 252,4937 246,4937 244,4935 243,4935 242,4934 242,4933 241,4932 241,4931 242,4930 241,4864 242,4863 242,4860 243,4859 243,4856 244,4855 244,4853 245,4852 245,4851 246,4850 246,4848 247,4847 247,4845 250,4842 250,4840 252,4837 253,4837 254,4836 258,4836 259,4836 259,4834 260,4832 265,4832 266,4831 267,4831 268,4832 272,4832 274,4834 277,4834 278,4835 279,4835 281,4836 281,4856 281,4857 297,4857 298,4858 378,4857 381,4854 383,4854 384,4854 384,4859 384,4860 462,4859 463,4858 463,4850 464,4849 464,4848 465,4847 466,4847 467,4846 467,4845 467,4845 468,4845 470,4843 470,4842 471,4841 471,4840 471,4840 472,4840 473,4839 474,4839 476,4837 477,4837 478,4836 482,4836 483,4835 485,4835 486,4834 487,4835 502,4834 503,4835 507,4835 508,4836 509,4836 510,4837 511,4837 513,4839 515,4839 517,4841 518,4841 519,4842 579,4842 580,4843 583,4843 584,4843 584,4848 584,4849 670,4848 671,4847 671,4844 673,4842 674,4842 675,4841 675,4840 675,4840 676,4840 677,4839 680,4839 681,4837 682,4838 684,4838 686,4840 686,4841 687,4842 687,4858 687,4858 746,4858 748,4859 748,4861 749,4862 871,4860 872,4859 872,4858 873,4857 873,4856 874,4855 874,4853 875,4852 875,4851 876,4850 876,4847 877,4846 877,4843 878,4842 878,4841 878,4840 880,4840 883,4843 883,4847 882,4848 882,4849 879,4852 879,4853 878,4854 878,4855 876,4857 876,4860 877,4860 996,4859 997,4858 998,4858 999,4857 1036,4857 1037,4856 1037,4850 1038,4849 1038,4847 1039,4846 1039,4845 1040,4844 1044,4844 1045,4844 1045,4845 1047,4847 1047,4847 1048,4847 1050,4849 1124,4849 1125,4848 1125,4847 1125,4847 1126,4847 1127,4846 1127,4843 1135,4835 1136,4835 1137,4834 1140,4833 1142,4831 1143,4832 1150,4832 1151,4833 1151,4843 1151,4843 1166,4843 1169,4846 1170,4846 1172,4848 1174,4848 1175,4849 1175,4850 1176,4851 1176,4853 1176,4853 1268,4852 1269,4851 1270,4851 1271,4852 1380,4851 1382,4849 1383,4849 1385,4850 1385,4851 1385,4852 1466,4851 1467,4850 1467,4847 1468,4846 1468,4845 1469,4844 1469,4843 1470,4842 1470,4841 1471,4840 1471,4839 1474,4836 1474,4835 1474,4835 1475,4835 1476,4834 1479,4834 1480,4833 1481,4833 1483,4831 1488,4831 1489,4830 1523,4829 1524,4830 1567,4830 1568,4831 1569,4831 1570,4832 1571,4832 1572,4833 1573,4833 1574,4834 1575,4834 1576,4835 1577,4835 1578,4836 1650,4835 1651,4834 1652,4834 1653,4833 1653,4832 1654,4831 1655,4831 1656,4832 1726,4831 1727,4832 1727,4833 1728,4834 1728,4836 1729,4837 1729,4852 1729,4852 1805,4851 1806,4850 1857,4850 1860,4852 1860,4853 1861,4855 1862,4855 1864,4856 1865,4856 1866,4857 1867,4857 1868,4858 1869,4858 1870,4859 1871,4859 1876,4864 1876,4866 1877,4867 1877,4894 1878,4894 1888,4894 1889,4895 1891,4895 1894,4899 1894,4900 1899,4904 1899,4905 1900,4906 1900,4908 1899,4909 1899,4910 1896,4912 1895,4912 1894,4913 1893,4913 1893,4914 1893,4916 1890,4918 1870,4919 1869,4920 1869,4921 1868,4922 1868,4923 1865,4926 1865,4927 1861,4931 1860,4931 1859,4932 1854,4932 1853,4933"/>
        <TextEquiv index="0">
          <Unicode>fen zu Friedberg / und Herrn zu Waldburg.</Unicode>
        </TextEquiv>
        <TextEquiv index="1">
          <Unicode>fen zu Friedberg / und Herrn zu Waldburg.</Unicode>
        </TextEquiv>
      </TextLine>
      <TextLine id="l42">
        <Coords points="1753,5042 1752,5041 866,5050 865,5050 862,5050 860,5048 860,5027 859,5027 803,5027 801,5025 763,5026 762,5025 709,5025 708,5024 707,5024 706,5023 539,5025 538,5024 537,5024 536,5023 318,5025 317,5024 253,5025 252,5024 252,5023 251,5022 250,4954 249,4953 225,4953 225,4953 225,4952 226,4950 398,4949 400,4947 402,4947 403,4946 415,4945 416,4944 418,4944 419,4945 1112,4938 1113,4939 1114,4939 1115,4940 1126,4940 1127,4940 1127,4941 1127,4942 1310,4940 1313,4943 1482,4941 1483,4942 1486,4942 1487,4943 1490,4943 1491,4944 1591,4943 1593,4945 1758,4943 1759,4944 1760,4944 1761,4945 1762,4945 1764,4946 1764,4952 1765,4953 1771,4953 1772,4954 1776,4954 1779,4957 1779,4958 1780,4959 1780,4960 1783,4962 1843,4962 1843,4962 1843,4963 1844,4964 1877,4963 1879,4965 1896,4965 1898,4968 1898,4969 1899,4970 1899,4973 1898,4974 1898,4977 1897,4978 1896,4978 1893,4981 1888,4981 1887,4982 1888,5012 1887,5013 1887,5014 1886,5015 1886,5017 1884,5018 1883,5018 1880,5021 1879,5021 1878,5023 1878,5024 1876,5025 1784,5026 1784,5027 1784,5030 1783,5030 1761,5031 1761,5031 1761,5038 1760,5039 1760,5040 1760,5041 1756,5041 1755,5042"/>
        <TextEquiv index="0">
          <Unicode>11. Ericus Adolphus, Graff zu Salm / Herr</Unicode>
        </TextEquiv>
        <TextEquiv index="1">
          <Unicode>11. Ericus Adolphus, Graff zu Salm / Herr</Unicode>
        </TextEquiv>
      </TextLine>
      <TextLine id="l43">
        <Coords points="1529,5153 1528,5153 1528,5152 1528,5151 1507,5152 1506,5151 1506,5150 1505,5149 1505,5139 1505,5139 1456,5139 1455,5139 1455,5138 1455,5137 1366,5138 1361,5143 1360,5143 1358,5142 1358,5141 1357,5140 1357,5139 1357,5138 1234,5139 1233,5140 1231,5141 1229,5143 1225,5143 1224,5144 1223,5144 1222,5143 1131,5144 1128,5147 1127,5147 1126,5146 1126,5144 1125,5143 1125,5142 1125,5142 983,5143 982,5142 876,5143 866,5143 865,5145 863,5143 769,5144 768,5145 766,5145 765,5146 763,5146 762,5145 762,5141 762,5141 672,5142 671,5142 671,5149 670,5150 670,5151 669,5153 668,5153 666,5155 662,5155 661,5156 656,5156 655,5155 654,5155 653,5154 651,5154 650,5153 581,5154 580,5153 580,5152 579,5151 578,5151 577,5150 577,5149 575,5147 575,5136 574,5136 484,5137 484,5137 484,5139 483,5140 483,5146 482,5147 482,5150 481,5151 481,5152 481,5153 478,5153 477,5154 449,5154 447,5153 447,5140 447,5139 267,5141 266,5142 266,5144 265,5145 265,5146 264,5147 263,5147 261,5149 261,5150 259,5152 258,5152 257,5153 256,5153 254,5155 248,5155 246,5153 245,5153 244,5153 244,5152 243,5151 243,5149 239,5145 239,5127 238,5126 238,5119 239,5118 239,5117 240,5116 240,5115 240,5114 241,5114 243,5113 243,5112 244,5111 243,5090 242,5089 242,5088 243,5087 243,5086 246,5083 246,5082 248,5080 248,5079 250,5077 250,5076 251,5075 252,5075 254,5073 336,5072 337,5071 337,5068 338,5067 338,5064 340,5062 341,5062 344,5059 345,5059 346,5058 346,5057 347,5056 348,5056 349,5055 351,5055 353,5053 355,5053 356,5052 357,5052 358,5051 363,5051 364,5052 398,5052 399,5053 473,5052 474,5053 504,5052 505,5053 506,5053 508,5055 511,5055 511,5056 511,5057 512,5057 589,5057 590,5058 596,5057 597,5058 604,5058 605,5059 649,5059 650,5060 651,5060 652,5061 653,5061 655,5063 726,5062 727,5063 729,5063 730,5064 730,5065 731,5066 819,5065 821,5063 826,5063 827,5062 834,5062 836,5064 837,5064 838,5065 842,5065 844,5067 863,5067 864,5068 1007,5066 1008,5064 1008,5063 1009,5063 1010,5063 1012,5061 1013,5061 1015,5059 1018,5059 1019,5058 1020,5059 1021,5059 1023,5061 1023,5077 1024,5078 1151,5076 1151,5076 1151,5075 1154,5072 1172,5072 1172,5072 1172,5071 1173,5070 1173,5068 1174,5067 1175,5067 1175,5067 1175,5065 1176,5064 1176,5063 1177,5062 1178,5062 1180,5060 1180,5059 1183,5056 1183,5055 1185,5053 1187,5053 1189,5051 1193,5051 1194,5050 1197,5050 1198,5049 1200,5049 1201,5048 1216,5048 1217,5049 1220,5049 1221,5050 1223,5050 1224,5051 1226,5051 1226,5051 1226,5052 1227,5053 1230,5053 1230,5053 1230,5054 1231,5055 1233,5054 1234,5055 1328,5054 1329,5053 1332,5053 1333,5052 1334,5052 1335,5051 1340,5051 1341,5053 1341,5054 1342,5054 1429,5053 1430,5052 1560,5051 1561,5052 1563,5052 1565,5054 1566,5054 1567,5055 1569,5055 1569,5055 1569,5066 1570,5067 1614,5066 1616,5069 1616,5071 1618,5072 1709,5071 1710,5070 1710,5068 1711,5067 1711,5066 1712,5065 1712,5064 1713,5063 1713,5062 1714,5061 1717,5061 1717,5062 1717,5063 1718,5064 1718,5074 1719,5074 1856,5073 1856,5072 1856,5069 1859,5066 1859,5065 1860,5064 1860,5061 1861,5061 1862,5061 1863,5060 1868,5060 1868,5060 1868,5064 1870,5066 1871,5066 1872,5067 1872,5068 1874,5069 1876,5069 1877,5070 1879,5070 1882,5073 1883,5073 1884,5074 1885,5074 1888,5077 1889,5077 1892,5081 1893,5084 1894,5085 1894,5090 1895,5091 1895,5093 1896,5094 1896,5103 1897,5104 1896,5105 1896,5107 1894,5109 1894,5114 1893,5114 1891,5114 1891,5115 1891,5116 1890,5117 1890,5118 1888,5120 1888,5122 1887,5123 1887,5125 1886,5125 1885,5125 1881,5129 1880,5129 1880,5130 1879,5130 1876,5133 1876,5135 1876,5135 1875,5135 1874,5137 1873,5137 1872,5136 1790,5136 1789,5136 1789,5135 1789,5134 1693,5135 1692,5136 1692,5137 1691,5138 1691,5139 1690,5140 1690,5141 1690,5142 1689,5142 1688,5143 1687,5143 1682,5138 1682,5137 1682,5137 1541,5138 1540,5139 1540,5150 1539,5151 1534,5151 1533,5152 1531,5152 1530,5153"/>
        <TextEquiv index="0">
          <Unicode>zu Riffer&#383;cheit / Bedtbur / Dick / Alffter / und</Unicode>
        </TextEquiv>
        <TextEquiv index="1">
          <Unicode>zu Riffer&#383;cheit / Bedtbur / Dick / Alffter / und</Unicode>
        </TextEquiv>
      </TextLine>
      <TextLine id="l44">
        <Coords points="1115,5274 1114,5273 1037,5274 1036,5273 1035,5273 1033,5271 1033,5265 1033,5265 701,5268 697,5265 697,5264 696,5263 696,5261 695,5260 695,5257 695,5256 279,5261 278,5260 278,5259 276,5257 276,5245 276,5245 249,5245 248,5244 247,5244 246,5243 244,5243 243,5242 241,5242 237,5239 237,5236 238,5235 238,5232 240,5229 241,5229 242,5228 247,5228 248,5227 255,5227 256,5227 256,5190 257,5189 257,5188 258,5187 257,5184 258,5183 259,5183 259,5183 259,5182 260,5181 260,5180 261,5179 261,5178 262,5177 263,5177 264,5176 265,5176 267,5174 267,5173 270,5170 271,5170 271,5169 271,5168 273,5167 276,5167 277,5166 280,5166 281,5165 286,5165 287,5166 287,5167 288,5168 417,5166 418,5167 545,5166 548,5169 548,5170 549,5171 1262,5163 1263,5162 1300,5162 1301,5163 1306,5163 1307,5164 1308,5164 1309,5165 1578,5162 1579,5163 1580,5163 1580,5163 1580,5164 1582,5166 1632,5165 1633,5166 1743,5165 1744,5166 1745,5166 1745,5166 1745,5168 1747,5170 1748,5194 1748,5195 1854,5194 1855,5195 1856,5195 1857,5196 1859,5196 1861,5197 1861,5198 1862,5199 1862,5203 1863,5204 1863,5227 1864,5228 1869,5228 1871,5230 1886,5229 1887,5230 1888,5230 1897,5240 1897,5244 1891,5250 1891,5251 1891,5251 1890,5251 1888,5253 1647,5256 1646,5256 1646,5261 1645,5263 1644,5263 1641,5266 1120,5272 1119,5273 1117,5273 1116,5274"/>
        <TextEquiv index="0">
          <Unicode>Hackenbruch / C&#246;llni&#383;cher Erbmar&#383;chall. 12.</Unicode>
        </TextEquiv>
        <TextEquiv index="1">
          <Unicode>Hackenbruch / C&#246;llni&#383;cher Erbmar&#383;chall. 12.</Unicode>
        </TextEquiv>
      </TextLine>
      <TextLine id="l45">
        <Coords points="1871,5378 1844,5378 1843,5376 1843,5375 1841,5373 1840,5357 1840,5357 1722,5358 1721,5359 1721,5360 1721,5361 1721,5362 1720,5362 1649,5363 1647,5365 1646,5365 1645,5364 1640,5364 1639,5363 1638,5354 1638,5353 1611,5353 1610,5352 1583,5353 1582,5352 1427,5353 1426,5354 1426,5355 1425,5356 1384,5357 1383,5358 1381,5358 1379,5356 1340,5356 1237,5357 1236,5358 1074,5360 1073,5361 1069,5361 1068,5362 1067,5362 1066,5361 952,5363 951,5363 952,5384 951,5385 843,5386 842,5387 842,5386 841,5359 841,5359 830,5359 828,5357 783,5357 782,5356 759,5357 758,5356 756,5356 755,5355 727,5355 726,5354 566,5356 565,5357 500,5357 499,5358 500,5383 498,5385 490,5385 489,5384 482,5384 481,5383 480,5383 479,5382 437,5382 436,5381 433,5381 432,5380 430,5380 430,5380 430,5379 429,5378 428,5378 427,5377 426,5353 426,5352 417,5352 416,5351 412,5351 411,5350 248,5352 247,5353 242,5353 239,5351 239,5281 238,5280 238,5279 240,5276 243,5276 244,5275 245,5275 246,5274 306,5274 307,5273 308,5274 311,5274 311,5274 312,5276 313,5278 388,5277 389,5278 392,5278 395,5280 395,5282 396,5283 396,5285 396,5286 412,5285 415,5288 415,5289 415,5289 416,5289 417,5290 419,5290 420,5291 420,5304 420,5304 490,5304 492,5306 634,5304 635,5304 635,5301 639,5296 639,5295 640,5294 640,5293 641,5292 641,5291 642,5290 644,5290 645,5289 645,5288 646,5287 647,5287 650,5284 651,5284 655,5280 666,5280 667,5279 668,5279 669,5278 715,5277 716,5278 723,5278 726,5281 726,5284 726,5284 847,5283 850,5280 856,5280 857,5281 861,5281 863,5283 864,5283 865,5283 865,5284 868,5287 868,5290 869,5291 869,5298 870,5299 870,5311 870,5311 989,5310 990,5310 990,5287 991,5285 993,5285 994,5284 995,5284 996,5283 998,5283 999,5282 1000,5282 1001,5283 1003,5283 1004,5284 1004,5285 1005,5285 1005,5310 1005,5311 1136,5310 1137,5309 1226,5308 1227,5307 1227,5281 1228,5280 1228,5279 1228,5279 1378,5277 1379,5276 1380,5276 1381,5275 1385,5275 1386,5274 1387,5274 1389,5275 1389,5279 1390,5280 1390,5282 1390,5283 1496,5282 1497,5282 1497,5283 1498,5284 1498,5285 1499,5286 1499,5302 1499,5303 1537,5302 1538,5303 1663,5302 1665,5300 1665,5299 1666,5298 1666,5294 1667,5293 1667,5292 1668,5291 1668,5288 1670,5286 1670,5285 1671,5284 1671,5282 1671,5282 1672,5282 1673,5281 1674,5281 1675,5280 1676,5280 1680,5276 1680,5275 1682,5273 1683,5273 1685,5271 1688,5271 1689,5270 1690,5271 1714,5270 1716,5272 1716,5273 1716,5273 1735,5273 1738,5275 1738,5279 1741,5283 1849,5282 1850,5281 1851,5281 1852,5280 1853,5280 1854,5279 1856,5279 1857,5278 1857,5277 1859,5275 1894,5274 1895,5275 1899,5275 1900,5276 1902,5276 1905,5279 1905,5282 1904,5283 1904,5284 1903,5285 1903,5286 1901,5287 1900,5287 1899,5288 1898,5288 1897,5289 1894,5289 1894,5290 1894,5312 1892,5314 1885,5314 1884,5315 1884,5323 1883,5324 1883,5333 1882,5334 1882,5335 1881,5336 1881,5340 1880,5341 1880,5349 1879,5350 1879,5352 1879,5352 1878,5352 1876,5354 1876,5357 1875,5358 1876,5361 1875,5362 1875,5380 1874,5381"/>
        <TextEquiv index="0">
          <Unicode>Philippus Chri&#383;tophorus Fridericus, Graff</Unicode>
        </TextEquiv>
        <TextEquiv index="1">
          <Unicode>Philippus Chri&#383;tophorus Fridericus, Graff</Unicode>
        </TextEquiv>
      </TextLine>
      <TextLine id="l46">
        <Coords points="1014,5500 1006,5492 1005,5492 1005,5491 1005,5490 1004,5490 1004,5487 1003,5486 480,5492 479,5491 476,5491 476,5490 476,5487 475,5487 333,5488 332,5487 250,5488 249,5487 244,5487 243,5486 243,5483 242,5482 242,5481 240,5479 240,5475 239,5474 238,5450 239,5449 239,5447 240,5446 240,5445 242,5443 242,5415 243,5414 243,5412 243,5411 245,5411 249,5408 249,5407 250,5406 250,5405 251,5403 252,5403 253,5402 356,5401 357,5401 357,5398 364,5390 364,5389 364,5389 365,5389 366,5388 369,5388 370,5387 370,5386 370,5386 374,5386 375,5387 382,5387 383,5387 383,5391 383,5392 1690,5378 1691,5379 1697,5378 1698,5379 1699,5379 1700,5380 1705,5380 1707,5382 1708,5382 1709,5383 1710,5383 1713,5386 1714,5386 1715,5387 1715,5388 1716,5389 1716,5390 1718,5392 1816,5391 1819,5394 1819,5410 1820,5410 1835,5410 1836,5411 1857,5411 1859,5413 1859,5414 1863,5418 1863,5422 1864,5423 1887,5422 1889,5424 1892,5424 1892,5425 1892,5446 1891,5447 1891,5448 1889,5450 1890,5451 1888,5452 1887,5452 1887,5453 1887,5454 1886,5454 1885,5454 1884,5456 1884,5457 1883,5457 1881,5457 1879,5459 1878,5459 1877,5460 1876,5460 1872,5465 1860,5465 1860,5465 1860,5468 1858,5470 1805,5470 1805,5471 1805,5472 1804,5472 1650,5474 1650,5474 1650,5475 1649,5476 1649,5477 1647,5479 1318,5483 1318,5483 1318,5484 1317,5485 1316,5485 1316,5485 1316,5486 1315,5487 1314,5487 1313,5488 1313,5490 1311,5492 1309,5492 1309,5492 1309,5493 1308,5494 1306,5494 1305,5495 1299,5495 1298,5496 1025,5499 1024,5500"/>
        <TextEquiv index="0">
          <Unicode>zu Hohenzollern / Sigmaringen / und Verin&#11799;</Unicode>
        </TextEquiv>
        <TextEquiv index="1">
          <Unicode>zu Hohenzollern / Sigmaringen / und Verin&#11799;</Unicode>
        </TextEquiv>
      </TextLine>
      <TextLine id="l47">
        <Coords points="1645,5609 1644,5609 1644,5607 1643,5605 1244,5609 1243,5608 1242,5608 1241,5607 1237,5607 1236,5607 1236,5606 1235,5605 1235,5604 1234,5603 1234,5593 1234,5593 678,5599 676,5597 569,5598 565,5594 565,5590 563,5589 238,5592 238,5592 238,5560 237,5559 237,5557 238,5556 237,5550 238,5549 238,5548 239,5547 239,5543 244,5538 245,5538 248,5535 248,5533 250,5531 250,5530 251,5529 252,5529 258,5523 259,5523 262,5520 263,5520 264,5519 269,5519 270,5518 430,5516 430,5516 430,5512 432,5510 432,5509 435,5506 576,5505 577,5504 578,5504 578,5503 579,5503 580,5502 582,5502 583,5501 587,5501 588,5502 590,5502 591,5503 807,5500 808,5501 836,5501 837,5502 1583,5494 1585,5496 1598,5496 1599,5497 1603,5496 1604,5497 1611,5497 1614,5500 1614,5501 1615,5501 1616,5501 1617,5503 1617,5517 1618,5517 1781,5516 1783,5518 1846,5517 1847,5518 1847,5519 1848,5520 1848,5521 1849,5522 1865,5522 1867,5524 1868,5524 1868,5524 1868,5528 1869,5529 1870,5569 1870,5570 1881,5569 1882,5570 1883,5570 1887,5574 1887,5575 1891,5579 1891,5582 1890,5583 1890,5584 1889,5584 1887,5584 1887,5585 1887,5587 1884,5590 1884,5591 1883,5592 1647,5595 1646,5596 1646,5609 1646,5609"/>
        <TextEquiv index="0">
          <Unicode>gen / de&#223; H. R&#246;m. Reichs Erb&#11799;Camerer.</Unicode>
        </TextEquiv>
        <TextEquiv index="1">
          <Unicode>gen / de&#223; H. R&#246;m. Reichs Erb&#11799;Camerer.</Unicode>
        </TextEquiv>
      </TextLine>
      <TextLine id="l48">
        <Coords points="1397,5725 1396,5724 1384,5724 1383,5723 1382,5723 1380,5721 1380,5696 1380,5696 1243,5697 1242,5698 1241,5698 1240,5699 1239,5699 1238,5700 1236,5700 1235,5702 1206,5702 1205,5703 1171,5703 1169,5701 1092,5702 1091,5703 1091,5716 1088,5719 1085,5719 1084,5720 1083,5720 1082,5719 1081,5719 1080,5718 1075,5718 1074,5717 1072,5717 1071,5717 1069,5715 1069,5707 1069,5706 1061,5706 1060,5705 1059,5705 1058,5704 1057,5704 1055,5703 1055,5702 1055,5701 962,5702 961,5703 960,5704 959,5705 958,5704 958,5702 958,5702 890,5702 886,5698 833,5699 832,5698 832,5697 832,5697 809,5697 808,5696 713,5697 712,5698 712,5701 711,5702 711,5708 711,5708 710,5708 708,5710 706,5710 705,5711 705,5712 705,5712 703,5712 702,5712 702,5709 701,5708 701,5695 701,5694 583,5696 582,5696 582,5701 582,5702 581,5702 578,5704 578,5706 578,5707 576,5707 575,5706 575,5700 575,5700 574,5700 573,5699 573,5690 573,5690 545,5690 544,5690 544,5689 544,5688 443,5689 442,5690 442,5702 441,5703 440,5703 439,5704 430,5704 429,5705 429,5709 429,5709 428,5709 427,5709 427,5695 427,5694 413,5694 411,5693 411,5690 411,5689 341,5690 339,5692 265,5693 264,5694 263,5693 261,5693 260,5693 260,5692 260,5691 255,5691 254,5691 254,5690 254,5689 251,5689 249,5688 249,5687 248,5686 248,5684 249,5683 249,5682 253,5678 252,5638 252,5637 250,5637 249,5636 247,5636 239,5629 239,5626 238,5625 238,5623 238,5619 239,5618 239,5593 239,5592 270,5592 271,5593 271,5600 272,5600 289,5600 290,5599 295,5599 296,5598 297,5599 308,5599 310,5601 314,5601 316,5603 316,5604 317,5605 317,5606 318,5607 319,5606 319,5607 319,5608 320,5608 321,5609 322,5609 322,5610 322,5612 324,5614 324,5616 327,5619 327,5620 328,5621 328,5622 329,5623 329,5630 330,5630 408,5630 408,5629 408,5622 412,5618 413,5618 414,5617 417,5617 418,5616 418,5613 419,5612 421,5612 423,5610 428,5610 429,5609 431,5609 431,5610 431,5612 432,5613 432,5614 433,5614 585,5613 586,5612 588,5612 589,5611 595,5610 596,5611 597,5611 599,5613 601,5613 605,5618 605,5634 606,5634 701,5633 701,5633 701,5627 706,5622 707,5622 709,5620 709,5617 711,5615 713,5615 714,5614 716,5614 717,5613 719,5613 720,5612 721,5612 722,5611 726,5611 726,5612 726,5613 728,5614 730,5614 732,5616 732,5617 734,5619 790,5618 790,5619 790,5630 791,5630 818,5630 819,5632 819,5633 821,5634 849,5634 850,5635 850,5637 851,5638 890,5637 891,5638 941,5638 942,5639 963,5638 964,5639 964,5640 965,5641 1051,5641 1052,5640 1051,5632 1053,5630 1058,5630 1058,5630 1058,5629 1061,5626 1063,5626 1064,5625 1069,5625 1070,5624 1073,5624 1074,5625 1078,5625 1079,5627 1080,5642 1080,5642 1176,5641 1177,5641 1176,5630 1178,5628 1178,5627 1180,5625 1183,5625 1184,5626 1185,5626 1185,5627 1185,5628 1186,5629 1187,5641 1187,5641 1271,5640 1273,5639 1273,5638 1274,5636 1275,5636 1276,5635 1276,5634 1280,5630 1280,5629 1281,5628 1283,5626 1284,5626 1287,5623 1288,5623 1290,5621 1294,5621 1295,5620 1297,5620 1298,5619 1309,5619 1310,5618 1325,5618 1325,5618 1325,5619 1326,5620 1329,5619 1330,5620 1331,5620 1332,5621 1333,5621 1336,5625 1337,5644 1337,5644 1360,5644 1361,5643 1392,5643 1393,5642 1438,5641 1439,5641 1438,5623 1439,5622 1440,5622 1442,5620 1444,5620 1445,5619 1446,5619 1447,5621 1447,5622 1448,5622 1451,5622 1451,5623 1452,5639 1452,5639 1466,5639 1467,5638 1537,5637 1538,5637 1537,5617 1538,5616 1538,5615 1539,5614 1542,5614 1543,5613 1545,5613 1546,5612 1550,5612 1551,5614 1551,5615 1552,5616 1552,5617 1553,5618 1554,5637 1554,5637 1619,5636 1621,5638 1644,5638 1645,5638 1644,5610 1645,5609 1645,5610 1646,5638 1646,5638 1762,5637 1763,5636 1766,5636 1768,5634 1787,5633 1787,5633 1787,5627 1788,5626 1788,5625 1789,5624 1789,5623 1790,5622 1790,5621 1794,5617 1795,5617 1796,5616 1797,5616 1801,5621 1801,5622 1804,5625 1804,5626 1805,5626 1807,5626 1809,5628 1812,5628 1813,5629 1814,5629 1815,5630 1816,5630 1819,5633 1853,5633 1855,5635 1910,5634 1911,5635 1910,5635 1894,5635 1894,5636 1894,5657 1891,5659 1886,5659 1886,5660 1886,5684 1885,5685 1885,5687 1884,5688 1884,5689 1883,5690 1883,5693 1883,5693 1881,5693 1880,5694 1880,5696 1880,5696 1872,5697 1871,5697 1871,5698 1871,5699 1870,5699 1869,5698 1868,5698 1867,5697 1867,5695 1866,5694 1866,5693 1866,5693 1737,5694 1735,5696 1734,5696 1732,5698 1732,5699 1731,5700 1731,5701 1731,5701 1730,5701 1729,5702 1728,5702 1726,5704 1718,5704 1716,5703 1716,5689 1716,5688 1658,5689 1657,5688 1573,5689 1554,5689 1553,5690 1479,5691 1478,5692 1477,5691 1408,5692 1407,5692 1407,5721 1407,5722 1405,5722 1404,5722 1404,5723 1404,5724 1400,5724 1399,5725"/>
        <TextEquiv index="0">
          <Unicode>Nach die&#383;en &#383;olten noch vier Capitulares, oder</Unicode>
        </TextEquiv>
        <TextEquiv index="1">
          <Unicode>Nach die&#383;en &#383;olten noch vier Capitulares, oder</Unicode>
        </TextEquiv>
      </TextLine>
      <TextLine id="l49">
        <Coords points="1333,5836 1331,5834 1328,5834 1327,5834 1326,5834 1325,5833 1323,5833 1322,5832 1321,5832 1320,5830 1320,5829 1318,5828 1317,5828 1317,5827 1317,5826 1316,5825 1316,5822 1315,5821 1314,5795 1314,5795 1243,5795 1242,5796 1242,5802 1240,5804 1240,5806 1240,5806 1239,5806 1236,5809 1236,5810 1235,5811 1235,5812 1235,5813 1234,5813 1233,5814 1232,5814 1228,5817 1228,5818 1226,5821 1225,5821 1224,5820 1224,5819 1222,5817 1222,5816 1222,5816 1172,5816 1169,5813 1167,5813 1166,5812 1136,5813 1135,5812 1107,5812 1004,5813 1003,5814 1002,5814 1001,5813 1000,5813 999,5812 991,5812 921,5813 920,5814 914,5814 913,5815 912,5814 895,5814 892,5811 891,5811 888,5808 834,5809 833,5808 758,5809 757,5809 757,5821 756,5822 756,5823 754,5826 753,5826 752,5827 747,5827 746,5828 743,5828 742,5829 739,5829 738,5830 737,5829 735,5829 731,5825 730,5823 730,5822 661,5823 660,5822 659,5822 658,5821 648,5821 647,5820 647,5819 647,5819 646,5819 645,5818 645,5809 645,5809 610,5809 608,5808 608,5795 608,5794 599,5794 598,5793 436,5795 435,5796 426,5796 425,5795 342,5796 341,5797 340,5797 339,5796 270,5797 268,5796 268,5795 268,5794 267,5794 266,5793 265,5793 264,5792 261,5792 260,5791 258,5791 257,5790 256,5790 249,5783 248,5783 246,5782 246,5781 243,5778 243,5777 240,5774 240,5772 239,5771 239,5770 238,5769 238,5755 237,5754 237,5753 238,5752 238,5746 239,5745 239,5744 240,5743 240,5742 242,5740 242,5739 243,5737 244,5737 245,5737 245,5736 246,5735 245,5734 246,5733 247,5733 247,5733 247,5732 249,5730 250,5730 252,5728 253,5728 255,5726 258,5726 258,5726 258,5725 260,5723 262,5723 263,5722 266,5722 267,5721 268,5721 269,5720 271,5720 272,5719 288,5719 289,5720 293,5720 295,5722 296,5722 297,5723 301,5723 303,5725 304,5725 305,5726 305,5727 306,5728 306,5729 307,5730 308,5749 308,5750 326,5749 327,5748 362,5748 363,5747 366,5747 367,5748 470,5747 471,5746 472,5747 490,5747 491,5748 521,5747 522,5747 521,5728 522,5727 587,5727 591,5723 592,5723 593,5724 596,5723 597,5724 658,5724 660,5726 661,5726 661,5726 661,5728 662,5729 662,5730 663,5731 735,5730 735,5729 735,5728 738,5726 750,5726 751,5727 751,5728 753,5730 754,5746 754,5747 793,5746 795,5748 868,5748 869,5747 869,5746 870,5745 870,5744 872,5742 872,5740 876,5735 877,5735 878,5734 880,5734 881,5734 881,5733 881,5732 882,5732 883,5731 884,5731 886,5729 890,5729 891,5728 895,5728 897,5726 898,5726 899,5725 916,5725 917,5726 918,5726 919,5727 922,5727 923,5728 924,5728 925,5729 928,5729 930,5731 953,5731 955,5732 955,5743 955,5744 982,5743 984,5745 984,5747 987,5750 987,5752 987,5752 1081,5751 1082,5751 1082,5749 1083,5748 1083,5746 1086,5743 1086,5742 1086,5741 1087,5741 1089,5740 1089,5739 1090,5737 1093,5737 1094,5738 1094,5744 1095,5745 1096,5745 1099,5748 1100,5748 1101,5749 1103,5749 1104,5750 1105,5750 1106,5751 1109,5751 1110,5752 1111,5752 1114,5755 1248,5753 1249,5752 1250,5752 1252,5751 1252,5748 1253,5747 1253,5743 1253,5742 1257,5742 1259,5744 1259,5763 1259,5763 1328,5762 1329,5761 1330,5761 1337,5754 1338,5754 1339,5754 1339,5753 1341,5751 1341,5750 1341,5749 1401,5749 1402,5748 1429,5747 1430,5746 1485,5746 1486,5745 1501,5745 1503,5743 1503,5741 1504,5740 1504,5739 1505,5738 1505,5737 1506,5736 1506,5735 1507,5734 1507,5733 1508,5732 1511,5731 1512,5730 1513,5730 1517,5726 1520,5726 1521,5725 1523,5725 1525,5723 1595,5723 1596,5722 1601,5722 1602,5722 1604,5722 1605,5723 1606,5723 1607,5725 1607,5726 1610,5728 1610,5730 1611,5731 1611,5741 1611,5741 1662,5741 1665,5744 1752,5743 1753,5742 1792,5741 1793,5741 1793,5738 1794,5737 1794,5736 1795,5735 1795,5734 1796,5733 1796,5732 1797,5731 1797,5730 1798,5728 1851,5728 1852,5727 1852,5726 1852,5726 1854,5726 1855,5727 1856,5727 1858,5728 1858,5732 1859,5733 1859,5748 1859,5749 1887,5748 1890,5751 1890,5752 1891,5753 1891,5755 1892,5756 1892,5765 1891,5766 1891,5767 1890,5767 1889,5767 1888,5769 1888,5796 1887,5797 1887,5798 1885,5800 1883,5800 1882,5801 1882,5803 1880,5805 1880,5806 1879,5807 1879,5808 1877,5811 1874,5811 1873,5812 1872,5812 1869,5809 1869,5808 1869,5808 1841,5808 1839,5806 1764,5807 1760,5811 1759,5811 1757,5812 1757,5813 1757,5814 1747,5814 1745,5812 1745,5808 1745,5808 1662,5809 1659,5811 1659,5812 1657,5814 1658,5822 1657,5823 1653,5823 1653,5823 1653,5824 1652,5825 1650,5825 1649,5826 1649,5827 1647,5829 1638,5829 1638,5829 1638,5828 1636,5826 1513,5827 1512,5828 1510,5829 1509,5828 1500,5828 1499,5827 1498,5827 1497,5825 1496,5812 1496,5812 1362,5813 1359,5816 1359,5818 1357,5821 1357,5822 1356,5823 1356,5824 1355,5825 1355,5828 1352,5830 1351,5830 1349,5832 1348,5832 1346,5834 1345,5834 1344,5835 1343,5835 1342,5836"/>
        <TextEquiv index="0">
          <Unicode>Canonici, hohen Standes / gewe&#383;t &#383;eyn; die</Unicode>
        </TextEquiv>
        <TextEquiv index="1">
          <Unicode>Canonici, hohen Standes / gewe&#383;t &#383;eyn; die</Unicode>
        </TextEquiv>
      </TextLine>
      <TextLine id="l50">
        <Coords points="1362,5950 1361,5949 1358,5949 1357,5948 1355,5948 1353,5946 1166,5948 1165,5947 1158,5947 1157,5946 1157,5945 1156,5944 1154,5944 1153,5943 1152,5943 1150,5941 1150,5940 1149,5939 919,5942 918,5941 913,5941 912,5940 910,5940 909,5939 909,5938 907,5936 905,5936 905,5936 905,5935 904,5934 596,5937 595,5936 594,5937 594,5936 594,5935 593,5935 592,5935 591,5934 590,5934 589,5933 588,5933 587,5932 585,5932 581,5928 435,5929 435,5929 435,5926 434,5925 434,5924 433,5923 432,5914 432,5913 363,5914 362,5914 362,5913 362,5912 269,5913 267,5911 246,5911 245,5911 245,5910 245,5909 244,5909 242,5908 242,5907 241,5906 241,5905 240,5904 240,5901 236,5897 236,5889 235,5888 235,5887 236,5886 236,5885 237,5884 237,5881 238,5880 238,5876 239,5875 239,5874 241,5872 243,5872 243,5872 243,5870 248,5865 248,5864 248,5863 250,5861 251,5861 253,5860 253,5859 255,5856 256,5856 257,5855 281,5855 282,5854 282,5843 283,5842 287,5842 289,5840 289,5838 290,5837 290,5836 291,5835 295,5835 297,5833 298,5833 300,5835 454,5833 455,5834 533,5833 534,5834 535,5834 536,5835 577,5835 579,5836 579,5838 580,5839 580,5841 580,5842 867,5839 868,5839 868,5840 870,5842 870,5845 870,5845 1715,5836 1716,5835 1718,5835 1720,5833 1721,5833 1722,5832 1729,5832 1730,5831 1743,5831 1745,5833 1778,5833 1780,5835 1804,5834 1805,5835 1806,5835 1809,5838 1809,5857 1809,5857 1811,5857 1812,5858 1868,5858 1869,5859 1870,5859 1871,5859 1871,5862 1873,5864 1888,5863 1890,5866 1890,5867 1891,5868 1891,5874 1890,5875 1890,5880 1889,5881 1889,5882 1889,5882 1881,5882 1880,5883 1880,5893 1879,5894 1879,5907 1878,5908 1879,5912 1874,5917 1874,5918 1873,5919 1873,5920 1872,5921 1870,5921 1869,5922 1865,5922 1864,5923 1842,5923 1842,5923 1842,5925 1841,5926 1384,5931 1384,5931 1384,5941 1383,5942 1383,5943 1380,5946 1378,5946 1377,5947 1376,5947 1375,5948 1372,5948 1371,5949 1364,5949 1363,5950"/>
        <TextEquiv index="0">
          <Unicode>aber &#383;elbiges mal gemangelt haben. Aber</Unicode>
        </TextEquiv>
        <TextEquiv index="1">
          <Unicode>aber &#383;elbiges mal gemangelt haben. Aber</Unicode>
        </TextEquiv>
      </TextLine>
      <TextLine id="l51">
        <Coords points="1376,6064 1375,6063 1370,6063 1369,6062 1368,6062 1366,6061 1366,6034 1365,6033 1311,6034 1310,6033 1268,6033 1268,6033 1268,6032 1267,6031 1179,6032 1178,6033 1135,6034 1135,6034 1135,6037 1133,6039 1132,6039 1132,6039 1132,6044 1131,6045 1131,6044 1131,6037 1130,6037 1096,6037 1095,6036 1003,6037 1002,6038 1001,6037 1001,6035 1000,6034 1000,6033 999,6032 974,6032 974,6032 974,6031 972,6029 946,6030 945,6029 853,6030 852,6031 852,6034 851,6035 851,6036 850,6037 850,6038 849,6039 849,6040 848,6041 848,6042 846,6044 839,6044 838,6045 838,6046 837,6047 824,6047 822,6045 821,6045 820,6044 817,6044 816,6043 815,6043 813,6041 813,6019 812,6018 735,6019 734,6020 715,6020 713,6023 713,6026 712,6027 712,6029 711,6030 711,6034 704,6040 703,6040 703,6041 703,6043 700,6045 698,6045 697,6046 692,6046 692,6046 692,6021 691,6020 619,6021 618,6022 615,6022 614,6023 613,6023 612,6024 515,6025 515,6026 515,6043 514,6044 514,6045 513,6045 512,6045 509,6048 507,6048 506,6049 504,6049 503,6049 493,6049 492,6048 488,6048 488,6047 488,6045 486,6043 486,6040 485,6040 403,6041 402,6042 400,6042 399,6043 391,6043 390,6044 389,6043 387,6043 387,6042 387,6041 386,6041 384,6041 383,6040 364,6040 362,6038 361,6038 360,6037 360,6015 359,6014 335,6014 334,6015 331,6015 324,6022 322,6022 321,6021 245,6022 245,6022 245,6018 238,6011 237,5973 238,5972 238,5971 245,5963 246,5963 247,5962 250,5962 251,5961 253,5961 254,5961 254,5948 257,5944 261,5944 262,5945 262,5946 263,5947 263,5961 263,5961 364,5960 365,5960 365,5950 366,5948 366,5947 369,5944 370,5944 374,5940 400,5940 401,5941 402,5941 405,5943 405,5945 406,5947 501,5946 502,5947 504,5946 505,5947 507,5947 509,5949 509,5950 510,5951 510,5964 511,5964 536,5964 536,5965 536,5966 537,5967 537,5968 538,5968 555,5968 557,5970 557,5971 558,5972 558,5973 560,5975 654,5974 660,5967 660,5966 661,5966 662,5966 662,5965 662,5964 664,5963 665,5963 666,5962 670,5962 671,5960 671,5957 671,5957 673,5957 674,5958 675,5958 678,5960 678,5971 679,5972 749,5971 750,5972 836,5971 836,5970 836,5969 838,5968 891,5967 891,5967 891,5964 892,5963 892,5962 893,5961 893,5960 894,5959 894,5958 897,5954 898,5954 899,5953 901,5953 904,5956 904,5962 906,5963 908,5963 909,5964 911,5964 913,5966 916,5966 917,5967 917,5968 918,5969 920,5969 922,5971 960,5971 962,5972 1046,5972 1046,5971 1046,5958 1048,5956 1048,5955 1048,5955 1056,5954 1058,5952 1059,5952 1060,5951 1063,5951 1064,5952 1068,5952 1070,5954 1070,5956 1070,5956 1076,5956 1080,5960 1080,5961 1082,5963 1082,5970 1083,5970 1194,5969 1195,5968 1197,5968 1199,5966 1264,5965 1264,5965 1264,5955 1266,5952 1269,5952 1270,5951 1275,5951 1278,5954 1278,5955 1279,5956 1423,5954 1426,5951 1436,5951 1437,5952 1437,5955 1438,5956 1438,5957 1439,5958 1439,5980 1440,5980 1537,5979 1538,5978 1541,5978 1542,5977 1585,5977 1585,5976 1585,5951 1587,5949 1589,5949 1590,5948 1591,5948 1592,5947 1598,5947 1599,5946 1600,5947 1601,5947 1602,5948 1618,5947 1619,5948 1624,5948 1625,5949 1626,5949 1634,5957 1634,5963 1635,5964 1635,5973 1636,5973 1768,5972 1768,5971 1768,5948 1768,5948 1770,5948 1771,5947 1773,5947 1774,5946 1775,5946 1776,5945 1780,5945 1782,5946 1782,5948 1783,5949 1783,5975 1784,5976 1798,5975 1799,5976 1800,5976 1801,5977 1802,5977 1803,5978 1848,5978 1849,5979 1852,5979 1853,5980 1854,5980 1855,5981 1856,5981 1857,5982 1857,5983 1858,5984 1859,5984 1859,5984 1859,5985 1860,5986 1860,5989 1861,5990 1861,6000 1862,6001 1876,6001 1877,6001 1877,6002 1877,6003 1880,6002 1883,6005 1884,6005 1885,6006 1885,6007 1884,6008 1884,6010 1883,6010 1879,6010 1878,6012 1861,6012 1861,6012 1861,6015 1857,6019 1857,6028 1856,6029 1855,6028 1815,6028 1815,6028 1815,6025 1814,6024 1744,6025 1743,6026 1740,6026 1739,6025 1620,6026 1619,6027 1612,6027 1611,6028 1540,6029 1539,6030 1538,6030 1537,6031 1513,6031 1512,6032 1509,6033 1508,6034 1507,6034 1506,6033 1490,6033 1489,6032 1393,6033 1393,6033 1393,6060 1391,6063 1388,6063 1387,6064"/>
        <TextEquiv index="0">
          <Unicode>im Jahr 1651. gedencket Adolphus Brache-</Unicode>
        </TextEquiv>
        <TextEquiv index="1">
          <Unicode>im Jahr 1651. gedencket Adolphus Brache-</Unicode>
        </TextEquiv>
      </TextLine>
      <TextLine id="l52">
        <Coords points="1711,6173 1708,6171 1708,6153 1708,6152 1584,6154 1583,6155 1576,6155 1575,6154 1459,6155 1457,6157 1457,6160 1456,6161 1456,6173 1455,6174 1454,6173 1452,6173 1451,6173 1451,6172 1448,6169 1448,6168 1447,6167 1447,6165 1446,6164 1446,6160 1445,6158 1379,6159 1378,6158 1378,6157 1378,6157 1256,6158 1255,6159 1252,6157 1252,6156 1252,6155 1188,6156 1187,6155 1123,6156 1122,6155 1115,6155 1114,6154 990,6155 988,6154 988,6152 987,6150 907,6151 906,6152 906,6160 905,6161 905,6162 904,6163 904,6166 903,6167 902,6167 901,6168 802,6169 801,6170 800,6170 799,6169 764,6170 763,6169 749,6169 748,6168 747,6168 744,6165 744,6162 742,6160 742,6149 742,6149 714,6149 713,6148 560,6150 558,6152 552,6152 551,6152 551,6160 550,6161 550,6162 549,6164 548,6164 547,6165 546,6165 545,6165 545,6164 545,6163 544,6163 543,6162 540,6162 538,6160 537,6160 534,6158 534,6157 533,6156 533,6155 532,6154 532,6152 532,6151 450,6152 449,6153 449,6156 448,6157 448,6159 445,6162 443,6162 442,6161 441,6161 439,6159 438,6159 436,6158 436,6154 435,6153 435,6140 434,6139 414,6139 413,6138 374,6139 372,6136 372,6131 371,6131 365,6131 365,6131 365,6130 364,6129 330,6129 329,6128 324,6128 323,6127 322,6127 320,6126 280,6126 279,6125 245,6125 244,6124 242,6124 241,6123 240,6123 240,6123 240,6117 242,6115 242,6114 243,6113 243,6110 244,6109 243,6059 242,6058 242,6055 244,6052 245,6052 246,6051 251,6051 252,6052 253,6052 255,6054 256,6054 258,6056 258,6074 259,6074 279,6074 281,6076 362,6075 362,6075 362,6067 363,6066 363,6065 366,6062 451,6061 453,6059 455,6059 457,6057 459,6057 461,6055 544,6054 545,6055 546,6055 546,6056 546,6066 547,6066 588,6066 588,6066 588,6076 589,6077 628,6076 629,6077 664,6077 664,6077 664,6079 665,6080 747,6079 748,6077 748,6072 749,6071 749,6069 750,6068 750,6065 751,6064 751,6063 752,6062 752,6060 753,6060 754,6060 758,6056 760,6056 761,6055 762,6055 763,6054 769,6054 770,6053 794,6052 799,6057 799,6058 800,6059 800,6060 804,6063 884,6062 886,6060 893,6060 894,6061 895,6061 896,6062 898,6062 899,6064 899,6082 900,6082 936,6082 937,6083 938,6083 940,6085 970,6084 971,6085 1035,6085 1035,6084 1035,6073 1036,6073 1091,6072 1092,6071 1093,6071 1099,6065 1099,6064 1103,6060 1106,6060 1107,6059 1115,6059 1116,6058 1119,6058 1120,6057 1125,6057 1126,6058 1127,6058 1128,6059 1137,6059 1137,6059 1137,6062 1138,6063 1155,6062 1156,6063 1157,6063 1157,6064 1157,6067 1158,6068 1158,6069 1163,6074 1163,6075 1164,6076 1164,6086 1165,6086 1219,6086 1221,6088 1327,6087 1327,6086 1327,6081 1329,6079 1329,6078 1330,6077 1330,6076 1331,6075 1335,6075 1336,6074 1338,6074 1338,6075 1338,6080 1340,6081 1343,6081 1344,6082 1345,6082 1346,6083 1347,6083 1349,6085 1350,6085 1352,6087 1356,6087 1357,6088 1472,6087 1472,6086 1472,6085 1473,6084 1473,6083 1474,6082 1474,6080 1475,6079 1475,6078 1477,6077 1478,6077 1479,6076 1545,6075 1549,6071 1549,6070 1550,6069 1550,6068 1551,6067 1551,6066 1553,6064 1554,6064 1557,6061 1560,6061 1564,6057 1567,6057 1568,6056 1595,6056 1596,6057 1596,6058 1598,6060 1608,6059 1610,6061 1612,6061 1612,6062 1612,6064 1615,6067 1615,6069 1616,6070 1616,6071 1619,6074 1619,6081 1620,6081 1713,6080 1713,6080 1713,6079 1715,6077 1715,6072 1716,6071 1716,6069 1719,6066 1720,6066 1723,6063 1725,6063 1726,6062 1727,6062 1729,6060 1730,6060 1732,6058 1762,6058 1763,6057 1771,6057 1772,6056 1773,6056 1774,6057 1778,6057 1779,6058 1779,6082 1780,6083 1796,6082 1797,6084 1797,6085 1798,6085 1876,6085 1877,6086 1877,6087 1880,6089 1882,6089 1882,6090 1882,6091 1883,6092 1884,6093 1885,6094 1885,6095 1886,6096 1886,6113 1887,6114 1887,6115 1888,6116 1888,6120 1889,6121 1889,6124 1888,6125 1888,6126 1887,6127 1887,6128 1886,6129 1886,6130 1884,6131 1882,6131 1881,6133 1881,6134 1880,6135 1880,6136 1879,6136 1874,6137 1874,6137 1874,6138 1873,6139 1873,6140 1866,6148 1865,6148 1861,6152 1836,6152 1835,6152 1835,6153 1834,6155 1832,6153 1831,6153 1830,6154 1830,6170 1830,6170 1829,6169 1750,6170 1749,6171 1748,6171 1747,6172 1742,6172 1741,6173"/>
        <TextEquiv index="0">
          <Unicode>lus de&#223; Herrn Johann Gerards / Graffens</Unicode>
        </TextEquiv>
        <TextEquiv index="1">
          <Unicode>lus de&#223; Herrn Johann Gerards / Graffens</Unicode>
        </TextEquiv>
      </TextLine>
      <TextEquiv>
        <Unicode/>
      </TextEquiv>
    </TextRegion>
    <TextRegion id="r2" orientation="-0.25" type="paragraph">
      <Coords points="1930,6185 1918,3707 1941,3053 1933,1072 1953,673 1953,374 2621,374 2668,418 2720,374 3672,374 3672,6185 3525,6188 3446,6166 3391,6185"/>
      <TextLine id="l53">
        <Coords points="3689,511 3688,510 3672,510 3671,509 3671,507 3671,507 3467,506 3465,504 3465,502 3465,502 3464,502 3463,501 3047,499 3046,498 2693,497 2692,497 2692,499 2692,500 2691,500 2690,499 2690,497 2690,497 1958,493 1957,494 1953,494 1952,493 1918,493 1917,493 1918,414 1918,413 1951,413 1952,413 1952,394 1952,393 2138,394 2141,391 2142,391 2146,387 2175,387 2176,386 2184,386 2185,385 2186,386 2192,386 2193,387 2197,387 2199,389 2476,391 2477,392 2479,392 2480,393 3603,398 3604,397 3604,375 3604,375 3605,375 3607,374 3696,374 3697,374 3696,510 3696,511"/>
        <TextEquiv index="0">
          <Unicode>von Mander&#383;cheid / Blanckenheim / der / &#383;el&#11799;</Unicode>
        </TextEquiv>
        <TextEquiv index="1">
          <Unicode>von Mander&#383;cheid / Blanckenheim / der / &#383;el&#11799;</Unicode>
        </TextEquiv>
      </TextLine>
      <TextLine id="l54">
        <Coords points="3674,620 3673,619 3671,619 3671,618 3671,616 3670,616 3311,614 3310,613 3309,613 3308,612 3307,612 3307,612 3307,611 3306,610 2462,607 2462,607 2462,608 2461,609 2461,610 2460,611 2187,609 2186,610 2182,610 2181,609 2179,609 2177,607 1917,606 1917,606 1917,494 1918,493 1918,494 1957,494 1958,495 2207,496 2208,497 2209,497 2210,498 2219,498 2220,499 3126,503 3127,502 3134,502 3135,501 3136,501 3137,500 3138,500 3140,503 3140,504 3141,504 3142,504 3143,505 3146,506 3147,507 3148,507 3149,508 3688,510 3689,511 3696,511 3696,511 3696,619 3695,620"/>
        <TextEquiv index="0">
          <Unicode>biger Zeit / au&#223; den C&#246;llni&#383;chen Domherren ei&#11799;</Unicode>
        </TextEquiv>
        <TextEquiv index="1">
          <Unicode>biger Zeit / au&#223; den C&#246;llni&#383;chen Domherren ei&#11799;</Unicode>
        </TextEquiv>
      </TextLine>
      <TextLine id="l55">
        <Coords points="3688,738 3687,737 3673,737 3671,735 3671,728 3671,728 3200,726 3199,725 3195,725 3194,724 3188,724 3186,722 2683,719 2682,718 1973,715 1954,715 1953,716 1917,716 1916,716 1917,607 1917,606 1955,606 1956,607 1956,610 1957,611 2704,615 2705,614 2712,614 2713,615 2714,615 2715,616 3670,620 3671,619 3673,619 3674,620 3695,620 3696,620 3695,737 3695,738"/>
        <TextEquiv index="0">
          <Unicode>ner gewe&#383;en. Auff die obenerzehlte &#383;eyn ge&#11799;</Unicode>
        </TextEquiv>
        <TextEquiv index="1">
          <Unicode>ner gewe&#383;en. Auff die obenerzehlte &#383;eyn ge&#11799;</Unicode>
        </TextEquiv>
      </TextLine>
      <TextLine id="l56">
        <Coords points="3671,843 3671,842 3671,822 3670,822 3598,821 3597,820 3597,812 3596,811 3488,811 3488,812 3488,825 3485,827 3484,825 3484,809 3483,809 3418,809 3418,809 3418,815 3417,816 3339,815 3337,817 3336,816 3262,816 3262,817 3262,835 3260,836 3259,836 3258,837 3254,837 3253,838 3252,838 3251,839 3247,839 3246,840 3245,840 3242,837 3241,837 3239,834 3239,810 3238,810 3229,810 3228,809 3167,809 3166,808 3134,807 3134,808 3134,830 3133,830 3133,830 3133,808 3132,807 3033,807 3032,808 3027,808 3026,809 2949,809 2949,809 2949,811 2948,812 2948,814 2947,815 2947,816 2946,817 2946,823 2945,824 2945,825 2943,827 2943,828 2942,829 2942,831 2940,833 2939,833 2938,834 2937,834 2936,835 2935,835 2934,834 2933,834 2932,833 2931,833 2930,831 2930,829 2929,828 2929,807 2928,807 2855,806 2854,807 2850,807 2849,806 2814,806 2813,805 2725,805 2724,806 2574,805 2574,806 2574,812 2573,812 2572,812 2572,813 2572,815 2571,815 2571,815 2571,806 2570,805 2516,805 2515,806 2508,806 2507,807 2423,806 2422,805 2421,805 2420,804 2400,804 2399,803 2334,803 2334,803 2334,819 2333,820 2333,819 2333,803 2332,803 2263,803 2262,804 2261,804 2259,806 2259,810 2258,811 2257,811 2256,810 2220,809 2219,808 2106,808 2106,808 2106,809 2105,810 2104,810 2104,810 2104,813 2102,815 2102,818 2098,822 2096,822 2094,824 2090,824 2089,825 2084,825 2083,826 2082,826 2081,825 2080,825 2079,824 2074,824 2073,823 2072,823 2071,822 2069,822 2068,821 2067,821 2066,819 2066,817 2065,816 2065,814 2064,813 2064,807 2063,807 1982,806 1982,807 1982,808 1980,809 1978,809 1978,810 1978,817 1977,818 1977,819 1974,821 1948,821 1948,822 1948,829 1947,829 1916,829 1916,829 1916,717 1917,716 1953,716 1953,717 1953,718 1954,718 1997,718 1998,719 2002,720 2002,720 2002,721 2003,722 2007,722 2007,722 2007,726 2008,727 2062,727 2062,727 2062,728 2063,729 2063,739 2064,740 2174,740 2174,740 2174,739 2178,735 2179,735 2180,734 2232,735 2233,734 2236,734 2238,736 2238,739 2239,740 2239,748 2240,749 2319,749 2320,747 2320,745 2321,744 2321,743 2325,739 2325,738 2326,737 2326,736 2327,736 2328,736 2329,735 2331,735 2335,731 2336,731 2337,730 2339,730 2340,729 2346,729 2349,726 2372,726 2375,729 2376,729 2378,732 2378,733 2379,733 2435,733 2435,734 2435,754 2436,754 2441,754 2442,753 2443,753 2444,752 2449,752 2450,753 2553,754 2554,755 2598,755 2598,755 2598,740 2599,739 2601,739 2601,739 2601,736 2602,735 2666,735 2668,733 2668,732 2669,731 2672,731 2673,730 2713,731 2715,729 2719,729 2720,728 2728,728 2729,727 2743,727 2744,728 2746,728 2747,729 2748,729 2749,730 2749,731 2751,733 2754,733 2755,734 2756,734 2759,737 2759,738 2760,739 2760,742 2761,743 2761,744 2762,745 2762,753 2763,754 2780,754 2780,754 2780,755 2781,756 2794,756 2795,757 2878,757 2878,757 2878,737 2881,734 2881,733 2883,731 2886,731 2887,730 2888,730 2890,733 2890,734 2891,734 2957,735 2957,735 2957,759 2958,760 2978,760 2980,758 2982,758 2985,755 2987,755 2987,755 2987,757 2988,758 3096,758 3096,758 3096,746 3100,742 3173,743 3174,742 3176,742 3177,741 3180,741 3181,742 3183,742 3184,743 3186,743 3187,744 3189,744 3190,745 3193,745 3193,745 3193,746 3194,747 3196,747 3196,747 3196,759 3197,760 3254,760 3254,759 3254,758 3255,758 3301,758 3301,758 3301,742 3302,741 3303,741 3305,739 3307,739 3308,738 3309,738 3311,740 3313,740 3314,742 3314,756 3315,756 3404,757 3404,756 3404,737 3409,733 3410,733 3412,731 3416,731 3417,732 3420,732 3420,732 3420,733 3421,734 3421,757 3422,758 3566,758 3567,757 3577,757 3578,758 3579,758 3580,760 3580,761 3581,762 3581,763 3582,764 3582,765 3583,766 3583,786 3583,786 3670,787 3671,786 3671,736 3672,736 3673,737 3687,737 3688,738 3695,738 3695,738 3695,842 3694,843"/>
        <TextEquiv index="0">
          <Unicode>folgt die Canonici Presbyteri Capitulares,</Unicode>
        </TextEquiv>
        <TextEquiv index="1">
          <Unicode>folgt die Canonici Presbyteri Capitulares,</Unicode>
        </TextEquiv>
      </TextLine>
      <TextLine id="l57">
        <Coords points="3086,946 3084,944 3081,944 3080,944 3080,935 3080,934 3010,934 3008,932 3008,917 3008,917 2938,917 2937,918 2892,917 2891,918 2891,936 2891,936 2890,936 2890,921 2890,920 2864,920 2863,919 2861,919 2860,918 2858,918 2857,917 2777,917 2776,918 2767,918 2766,919 2763,919 2762,918 2667,917 2666,918 2665,917 2579,917 2578,918 2577,918 2574,921 2572,921 2571,922 2571,926 2571,926 2449,925 2446,928 2445,928 2444,929 2441,929 2439,931 2438,931 2435,929 2435,918 2435,917 2381,917 2380,916 2374,916 2371,913 2370,913 2369,912 2265,912 2263,914 2253,914 2252,913 2199,912 2198,913 2198,924 2197,925 2195,924 2195,913 2195,912 2017,912 2016,913 2014,913 2013,914 1977,913 1976,914 1976,931 1976,931 1941,931 1940,932 1940,939 1940,939 1916,939 1915,939 1916,830 1916,829 1946,829 1947,830 1989,830 1990,831 1992,831 1994,833 1999,834 2000,835 2073,835 2075,837 2099,837 2100,838 2105,838 2106,839 2111,839 2112,840 2116,840 2117,841 2121,841 2122,842 2122,843 2122,843 2123,843 2124,844 2127,844 2128,845 2128,846 2130,848 2130,849 2133,852 2133,853 2135,855 2214,855 2215,855 2215,852 2216,851 2216,850 2222,844 2222,843 2222,842 2224,842 2225,841 2226,841 2227,841 2228,841 2229,840 2243,840 2246,843 2247,843 2249,844 2249,845 2250,846 2250,847 2251,848 2251,849 2252,850 2252,853 2253,854 2253,862 2253,863 2335,863 2336,863 2336,864 2336,865 2462,866 2464,864 2464,862 2464,862 2465,862 2467,860 2496,860 2497,859 2556,859 2558,857 2558,853 2559,852 2559,851 2560,850 2560,849 2561,848 2562,848 2563,847 2564,847 2565,846 2613,846 2614,846 2614,842 2615,840 2619,840 2620,839 2640,839 2641,840 2644,840 2646,842 2646,844 2646,844 2691,845 2692,846 2693,846 2696,848 2696,865 2696,866 2804,866 2805,865 2806,866 2883,866 2884,866 2884,849 2887,845 2888,845 2889,846 2891,846 2892,847 2893,847 2894,848 2894,868 2894,868 2954,869 2956,867 2956,866 2957,865 2983,865 2984,864 2984,849 2985,848 2985,847 2986,846 2990,846 2992,847 2992,848 2992,849 2994,849 2996,851 3081,851 3083,850 3083,849 3083,848 3084,848 3085,847 3088,847 3089,846 3093,846 3096,843 3102,843 3103,844 3197,845 3199,846 3199,864 3199,865 3227,865 3229,867 3311,867 3313,865 3372,865 3373,865 3383,865 3384,864 3384,854 3385,853 3389,853 3390,852 3390,851 3391,850 3391,850 3392,850 3393,849 3394,849 3396,847 3396,846 3396,846 3398,846 3399,845 3400,845 3401,844 3404,844 3405,843 3451,843 3452,842 3454,842 3455,841 3457,841 3458,840 3459,840 3460,841 3468,841 3469,842 3476,842 3477,843 3480,843 3481,844 3485,844 3486,845 3516,845 3517,846 3517,871 3517,871 3568,871 3569,872 3572,872 3573,873 3574,873 3575,874 3576,874 3579,877 3580,877 3584,882 3584,883 3585,884 3585,891 3586,891 3670,892 3670,891 3671,843 3671,843 3694,843 3695,843 3694,947 3694,948 3672,948 3671,947 3671,908 3671,908 3586,907 3581,912 3581,913 3579,915 3579,916 3579,916 3578,916 3577,917 3573,917 3572,918 3571,918 3570,919 3569,919 3568,920 3565,920 3564,921 3563,921 3562,920 3559,920 3558,919 3426,919 3425,919 3425,936 3424,937 3424,938 3424,939 3422,939 3421,939 3421,942 3420,944 3418,944 3417,945 3416,945 3415,946 3414,946 3413,945 3405,945 3404,944 3404,943 3403,942 3403,940 3402,939 3402,931 3402,931 3314,930 3312,929 3312,928 3312,927 3213,927 3212,928 3211,927 3107,926 3106,927 3106,941 3105,942 3105,943 3105,943 3103,943 3102,944 3102,946 3102,946"/>
        <TextEquiv index="0">
          <Unicode>&#383;o Doctores, und Licentiati, theils auch Pro-</Unicode>
        </TextEquiv>
        <TextEquiv index="1">
          <Unicode>&#383;o Doctores, und Licentiati, theils auch Pro-</Unicode>
        </TextEquiv>
      </TextLine>
      <TextLine id="l58">
        <Coords points="2668,1058 2667,1057 2666,1057 2665,1056 2662,1056 2661,1055 2658,1055 2656,1053 2656,1037 2655,1036 2581,1036 2581,1037 2581,1038 2578,1040 2571,1040 2571,1041 2571,1051 2568,1053 2567,1052 2560,1052 2560,1051 2560,1050 2557,1047 2557,1045 2556,1044 2556,1043 2555,1042 2555,1030 2554,1030 2488,1030 2487,1031 2486,1031 2485,1032 2456,1032 2454,1033 2452,1033 2451,1032 2367,1032 2367,1033 2367,1035 2363,1039 2363,1040 2360,1043 2360,1044 2359,1045 2359,1046 2358,1047 2358,1051 2357,1051 2353,1051 2351,1053 2350,1052 2348,1052 2346,1050 2346,1034 2345,1033 2320,1033 2320,1032 2320,1031 2318,1030 2282,1030 2279,1027 2278,1027 2278,1026 2278,1025 2277,1025 2272,1025 2270,1023 2238,1023 2238,1023 2238,1041 2237,1042 2237,1041 2237,1023 2236,1023 2234,1023 2234,1023 2234,1034 2232,1036 2231,1034 2231,1023 2230,1023 2204,1022 2203,1023 2192,1023 2191,1022 2111,1022 2110,1021 2013,1021 2012,1022 2008,1022 2007,1023 2006,1022 1940,1021 1939,1023 1939,1037 1937,1038 1915,1038 1915,1038 1915,940 1916,939 1940,939 1940,940 1940,941 1941,941 1983,941 1984,943 1984,964 1985,964 2043,965 2043,964 2043,962 2044,961 2044,959 2045,958 2045,957 2047,955 2047,953 2048,952 2048,951 2049,951 2051,951 2053,948 2053,947 2055,946 2061,946 2061,945 2061,942 2062,942 2064,942 2066,940 2098,940 2099,941 2101,941 2102,942 2102,944 2103,945 2103,973 2104,974 2147,974 2148,973 2153,973 2155,971 2156,971 2158,973 2268,974 2268,973 2268,960 2271,958 2272,958 2272,957 2272,956 2273,955 2273,954 2274,953 2274,952 2275,952 2276,952 2278,949 2278,948 2279,948 2281,948 2283,946 2285,946 2286,947 2287,947 2289,949 2290,949 2290,949 2290,954 2291,955 2405,955 2405,955 2405,954 2406,953 2408,953 2410,956 2410,960 2412,961 2413,961 2416,964 2417,964 2419,966 2539,967 2539,966 2539,965 2540,964 2540,962 2541,961 2541,960 2542,959 2542,958 2543,958 2544,958 2546,956 2547,956 2548,955 2549,955 2550,954 2551,954 2552,953 2554,953 2556,951 2570,951 2570,951 2570,959 2571,960 2581,960 2583,962 2649,962 2652,959 2658,959 2662,955 2664,955 2665,954 2668,954 2669,953 2672,953 2673,954 2678,954 2683,960 2683,971 2684,971 2796,972 2797,970 2797,969 2798,968 2798,967 2799,967 2800,967 2805,962 2806,962 2807,961 2808,961 2809,960 2812,960 2812,960 2812,959 2815,956 2816,956 2817,955 2819,955 2820,954 2853,954 2854,955 2946,956 2947,957 2949,957 2950,958 2950,960 2951,961 2951,968 2952,969 3031,969 3031,969 3031,966 3033,964 3033,963 3034,962 3035,962 3038,959 3038,957 3040,955 3042,955 3043,954 3047,954 3047,955 3047,976 3048,976 3093,976 3093,976 3093,949 3094,948 3095,948 3095,949 3095,976 3096,976 3096,976 3096,947 3097,946 3102,946 3102,947 3102,976 3103,976 3123,976 3123,976 3123,964 3125,962 3125,959 3126,958 3140,958 3141,957 3143,957 3144,957 3163,957 3164,956 3185,956 3186,955 3197,955 3200,958 3238,958 3239,959 3239,974 3240,975 3267,975 3268,974 3269,975 3335,975 3336,974 3336,970 3339,967 3339,966 3341,964 3342,964 3343,963 3344,963 3344,964 3344,965 3345,966 3345,988 3346,988 3405,989 3405,988 3405,987 3413,980 3447,980 3449,978 3450,978 3451,977 3452,977 3453,976 3475,976 3476,975 3511,975 3511,975 3511,972 3512,971 3512,968 3518,962 3519,962 3522,959 3525,959 3525,960 3525,968 3527,969 3529,969 3530,970 3596,970 3596,971 3596,972 3597,972 3671,973 3671,972 3671,948 3672,948 3694,948 3694,948 3694,1059 3693,1060 3671,1060 3671,1059 3671,1033 3670,1033 3605,1033 3604,1034 3602,1034 3602,1034 3602,1035 3601,1035 3599,1035 3598,1036 3595,1036 3594,1037 3560,1037 3559,1036 3476,1036 3476,1036 3476,1037 3475,1038 3472,1038 3470,1036 3423,1036 3422,1035 3405,1035 3404,1034 3401,1034 3398,1030 3398,1028 3394,1024 3394,1020 3393,1019 3393,1016 3392,1016 3327,1015 3327,1016 3327,1017 3326,1017 3325,1017 3325,1018 3325,1021 3324,1022 3324,1025 3322,1027 3322,1030 3321,1030 3320,1030 3318,1033 3318,1037 3317,1037 3316,1037 3312,1041 3311,1040 3310,1040 3309,1039 3309,1036 3308,1035 3229,1035 3229,1035 3229,1036 3228,1037 3228,1038 3224,1042 3207,1042 3207,1042 3207,1053 3205,1055 3204,1055 3204,1055 3203,1056 3203,1057 3201,1059 3200,1059 3200,1058 3200,1057 3199,1057 3193,1057 3192,1056 3186,1056 3185,1055 3183,1055 3180,1051 3180,1035 3179,1035 3178,1035 3177,1034 3112,1033 3110,1035 3035,1035 3034,1036 3033,1036 3032,1035 2961,1035 2961,1035 2961,1047 2960,1048 2956,1048 2956,1048 2956,1051 2955,1052 2948,1052 2947,1051 2946,1051 2946,1050 2946,1048 2945,1047 2945,1038 2944,1038 2862,1037 2861,1038 2854,1038 2853,1039 2837,1039 2836,1040 2823,1040 2823,1040 2823,1039 2822,1038 2822,1037 2821,1036 2738,1036 2737,1037 2683,1036 2683,1037 2683,1053 2680,1055 2679,1055 2677,1057 2673,1057 2672,1058"/>
        <TextEquiv index="0">
          <Unicode>fe&#383;&#383;ores bey der Hohen Schul allhie / an der</Unicode>
        </TextEquiv>
        <TextEquiv index="1">
          <Unicode>fe&#383;&#383;ores bey der Hohen Schul allhie / an der</Unicode>
        </TextEquiv>
      </TextLine>
      <TextLine id="l59">
        <Coords points="3614,1175 3612,1173 3612,1171 3612,1171 2821,1167 2819,1169 2813,1169 2812,1170 2809,1167 2808,1167 2806,1165 1971,1161 1940,1161 1939,1162 1939,1167 1939,1167 1915,1167 1914,1167 1915,1039 1915,1038 1937,1038 1938,1039 1938,1048 1938,1048 2004,1049 2006,1051 2007,1051 2008,1052 2011,1052 2014,1055 2016,1055 2018,1056 2018,1058 2018,1059 2138,1059 2139,1060 2926,1064 2928,1062 2932,1062 2933,1061 2941,1061 2942,1060 3374,1062 3376,1060 3670,1061 3671,1060 3693,1060 3694,1060 3693,1174 3693,1175"/>
        <TextEquiv index="0">
          <Unicode>Zahl achte / die alle ihr Stimm im Capitul</Unicode>
        </TextEquiv>
        <TextEquiv index="1">
          <Unicode>Zahl achte / die alle ihr Stimm im Capitul</Unicode>
        </TextEquiv>
      </TextLine>
      <TextLine id="l60">
        <Coords points="3671,1287 3671,1286 3671,1281 3670,1281 2699,1277 2698,1276 1940,1272 1940,1273 1940,1274 1939,1274 1914,1274 1914,1274 1914,1168 1915,1167 2320,1169 2321,1168 2582,1169 2583,1168 2585,1168 2586,1169 2600,1169 2601,1170 3693,1175 3693,1175 3693,1286 3692,1287"/>
        <TextEquiv index="0">
          <Unicode>gehabt haben. Folgende Herren aber hatten</Unicode>
        </TextEquiv>
        <TextEquiv index="1">
          <Unicode>gehabt haben. Folgende Herren aber hatten</Unicode>
        </TextEquiv>
      </TextLine>
      <TextLine id="l61">
        <Coords points="3472,1396 3471,1395 3462,1395 3459,1392 3459,1363 3459,1363 3362,1362 3353,1362 3352,1363 3351,1363 3350,1362 3268,1362 3265,1365 3264,1365 3263,1366 3262,1366 3261,1367 3163,1367 3162,1367 3162,1368 3161,1370 3160,1370 3157,1373 3156,1373 3154,1374 3154,1376 3153,1378 3148,1378 3147,1378 3147,1380 3147,1381 3146,1381 3143,1383 3143,1384 3143,1385 3140,1384 3139,1385 3137,1385 3136,1386 3135,1386 3133,1385 3133,1384 3132,1382 3074,1382 3073,1382 3073,1370 3073,1369 3048,1369 3047,1370 3047,1372 3046,1373 3046,1376 3046,1376 3043,1376 3042,1376 3042,1375 3042,1374 2983,1374 2981,1372 2981,1367 2981,1367 2909,1366 2908,1367 2908,1368 2901,1375 2898,1375 2896,1377 2895,1377 2894,1378 2837,1378 2836,1379 2836,1380 2834,1382 2834,1383 2833,1384 2830,1384 2829,1385 2829,1386 2829,1386 2827,1386 2825,1388 2824,1388 2824,1386 2824,1385 2820,1385 2819,1385 2819,1381 2818,1380 2818,1378 2816,1376 2816,1373 2816,1372 2749,1372 2747,1370 2747,1368 2747,1368 2729,1368 2728,1367 2676,1366 2675,1367 2675,1372 2675,1372 2674,1372 2673,1373 2673,1375 2672,1376 2672,1377 2671,1378 2671,1380 2670,1381 2667,1381 2666,1382 2666,1384 2666,1384 2664,1384 2663,1383 2661,1383 2660,1383 2660,1381 2658,1378 2657,1378 2655,1377 2655,1376 2654,1375 2654,1367 2654,1366 2617,1366 2616,1366 2616,1364 2616,1363 2579,1363 2577,1365 2551,1365 2550,1366 2548,1366 2547,1365 2484,1365 2483,1365 2483,1367 2483,1368 2466,1368 2465,1368 2465,1374 2465,1375 2464,1374 2464,1364 2464,1364 2439,1363 2438,1362 2374,1362 2372,1364 2275,1364 2274,1363 2155,1362 2153,1364 2153,1365 2151,1367 2151,1370 2150,1371 2150,1372 2150,1372 2149,1372 2146,1375 2145,1376 2145,1377 2144,1378 2139,1378 2138,1379 2135,1379 2134,1380 2128,1380 2127,1381 2125,1379 2124,1379 2123,1378 2119,1378 2117,1377 2117,1376 2117,1375 2116,1375 2113,1373 2113,1369 2112,1368 2112,1363 2112,1362 2037,1362 2036,1363 1978,1362 1977,1363 1977,1366 1977,1366 1942,1366 1941,1367 1941,1389 1941,1389 1914,1389 1913,1389 1914,1275 1914,1274 1939,1274 1941,1276 1941,1278 1943,1280 1943,1281 1943,1281 1988,1281 1989,1282 1991,1282 1992,1283 2056,1284 2058,1282 2060,1282 2061,1281 2068,1281 2069,1280 2070,1281 2071,1281 2072,1281 2072,1284 2072,1285 2110,1285 2111,1285 2111,1286 2112,1288 2112,1301 2112,1301 2188,1301 2189,1300 2221,1300 2223,1299 2223,1295 2224,1294 2224,1293 2228,1289 2228,1288 2229,1287 2230,1287 2231,1286 2232,1286 2233,1287 2236,1287 2237,1287 2237,1293 2239,1296 2240,1296 2243,1299 2250,1299 2252,1300 2252,1301 2252,1302 2339,1302 2342,1299 2366,1299 2367,1300 2429,1300 2430,1300 2430,1293 2431,1292 2431,1291 2437,1284 2439,1284 2441,1282 2443,1282 2445,1280 2447,1280 2449,1282 2449,1299 2449,1299 2525,1300 2527,1301 2527,1302 2527,1303 2547,1303 2549,1305 2618,1305 2619,1304 2620,1304 2621,1303 2632,1303 2633,1303 2633,1295 2634,1293 2638,1293 2639,1293 2639,1292 2640,1291 2640,1290 2640,1289 2641,1289 2643,1287 2647,1287 2649,1285 2651,1285 2652,1284 2654,1286 2654,1287 2654,1287 2655,1288 2656,1288 2658,1290 2658,1295 2659,1296 2659,1305 2659,1305 2706,1306 2707,1307 2756,1307 2757,1306 2757,1291 2759,1289 2815,1289 2816,1288 2817,1289 2818,1289 2820,1291 2822,1291 2824,1293 2824,1301 2824,1301 2865,1301 2866,1302 2868,1302 2870,1304 2870,1306 2870,1306 2900,1306 2901,1307 2976,1308 2977,1307 2977,1297 2979,1295 2980,1295 2982,1293 2982,1292 2982,1292 2983,1292 2984,1291 2986,1291 2989,1288 2995,1288 2996,1288 2996,1307 2996,1308 3068,1308 3070,1307 3070,1304 3071,1303 3071,1302 3072,1301 3072,1300 3073,1299 3073,1298 3074,1297 3074,1296 3074,1295 3119,1295 3120,1295 3120,1293 3120,1292 3121,1292 3122,1291 3124,1291 3125,1290 3127,1290 3129,1288 3131,1288 3133,1286 3138,1286 3139,1285 3140,1286 3144,1287 3146,1288 3146,1297 3146,1298 3158,1298 3159,1299 3162,1299 3166,1302 3166,1303 3167,1305 3226,1305 3227,1305 3227,1306 3227,1307 3303,1307 3304,1307 3304,1290 3307,1286 3314,1286 3316,1285 3316,1283 3316,1282 3317,1282 3320,1285 3331,1285 3332,1286 3333,1286 3335,1288 3335,1315 3335,1315 3422,1316 3423,1315 3424,1315 3425,1314 3475,1314 3476,1313 3478,1313 3479,1313 3479,1314 3479,1315 3564,1315 3565,1315 3565,1293 3566,1292 3566,1291 3566,1290 3567,1290 3571,1286 3577,1286 3578,1287 3579,1287 3580,1288 3580,1289 3581,1290 3581,1291 3582,1292 3582,1331 3582,1331 3605,1332 3606,1333 3607,1333 3608,1334 3670,1334 3671,1333 3671,1287 3671,1287 3692,1287 3693,1287 3692,1392 3692,1393 3672,1393 3671,1392 3671,1349 3671,1349 3587,1348 3586,1349 3586,1360 3585,1361 3585,1362 3584,1363 3488,1363 3487,1364 3487,1393 3486,1394 3482,1394 3481,1395 3475,1395 3474,1396"/>
        <TextEquiv index="0">
          <Unicode>&#383;elbige damaln noch nicht; als / Herr Leopol-</Unicode>
        </TextEquiv>
        <TextEquiv index="1">
          <Unicode>&#383;elbige damaln noch nicht; als / Herr Leopol-</Unicode>
        </TextEquiv>
      </TextLine>
      <TextLine id="l62">
        <Coords points="3676,1510 3675,1509 3671,1509 3671,1508 3671,1483 3670,1483 3579,1482 3579,1483 3579,1490 3578,1491 3578,1492 3577,1493 3577,1496 3574,1498 3572,1498 3571,1499 3562,1499 3561,1498 3559,1498 3558,1497 3557,1497 3556,1496 3555,1496 3554,1495 3554,1482 3553,1481 3542,1481 3541,1480 3515,1480 3514,1479 3421,1479 3421,1479 3421,1482 3420,1483 3419,1483 3419,1482 3419,1481 3418,1481 3329,1480 3328,1481 3307,1481 3307,1482 3307,1486 3306,1487 3306,1496 3305,1496 3302,1496 3301,1498 3301,1499 3300,1499 3299,1499 3299,1499 3299,1498 3298,1497 3294,1497 3294,1497 3294,1480 3293,1479 3222,1479 3222,1479 3222,1481 3221,1482 3210,1482 3208,1484 3203,1484 3203,1484 3203,1485 3202,1486 3201,1486 3200,1485 3199,1485 3198,1483 3198,1482 3197,1481 3197,1480 3196,1480 3109,1479 3109,1480 3109,1482 3107,1483 3105,1483 3104,1482 3104,1481 3102,1479 3071,1479 3070,1478 2988,1478 2988,1478 2988,1479 2987,1480 2987,1483 2985,1485 2985,1487 2983,1489 2983,1490 2979,1494 2978,1494 2977,1495 2974,1495 2973,1496 2968,1496 2967,1497 2959,1497 2954,1492 2951,1492 2948,1489 2875,1488 2875,1488 2875,1487 2874,1486 2874,1485 2873,1484 2873,1478 2872,1477 2862,1477 2862,1477 2862,1476 2861,1475 2861,1474 2860,1473 2778,1473 2778,1473 2778,1491 2777,1492 2777,1493 2776,1494 2776,1495 2775,1496 2773,1496 2772,1497 2771,1497 2770,1498 2767,1498 2766,1497 2760,1497 2759,1496 2755,1496 2754,1495 2751,1495 2751,1494 2751,1486 2750,1486 2723,1486 2722,1485 2721,1485 2717,1481 2716,1481 2716,1480 2716,1475 2715,1475 2641,1474 2641,1475 2641,1476 2640,1476 2639,1476 2638,1477 2635,1477 2635,1478 2635,1479 2633,1480 2572,1480 2570,1482 2568,1482 2567,1483 2566,1483 2565,1484 2560,1484 2560,1483 2560,1469 2559,1469 2505,1469 2504,1468 2485,1468 2484,1467 2384,1466 2383,1467 2342,1467 2341,1468 2337,1468 2336,1467 2302,1467 2301,1466 2220,1465 2219,1466 2217,1466 2216,1467 2162,1467 2162,1468 2162,1470 2160,1471 2137,1471 2136,1472 2134,1472 2134,1472 2134,1469 2133,1468 2092,1468 2092,1468 2092,1474 2091,1475 2091,1474 2091,1468 2090,1468 2050,1468 2048,1470 1939,1469 1938,1471 1938,1493 1937,1493 1913,1493 1913,1493 1913,1390 1914,1389 2001,1390 2001,1390 2001,1391 2002,1392 2002,1393 2003,1394 2003,1419 2004,1420 2069,1420 2070,1419 2073,1419 2074,1418 2100,1418 2100,1417 2100,1394 2101,1393 2101,1392 2103,1391 2105,1391 2106,1390 2196,1390 2197,1391 2279,1392 2280,1390 2280,1389 2281,1389 2288,1389 2288,1389 2288,1392 2289,1393 2289,1417 2290,1418 2369,1418 2369,1418 2369,1395 2370,1394 2371,1394 2372,1393 2373,1393 2375,1391 2381,1391 2382,1392 2383,1392 2384,1393 2450,1393 2450,1394 2450,1417 2451,1417 2456,1418 2458,1420 2534,1420 2535,1419 2536,1419 2536,1418 2536,1417 2537,1417 2541,1417 2542,1416 2588,1416 2588,1416 2588,1411 2589,1410 2590,1410 2590,1410 2590,1408 2591,1407 2591,1405 2596,1400 2596,1399 2599,1396 2600,1396 2604,1392 2605,1392 2607,1390 2629,1390 2630,1389 2634,1389 2635,1388 2643,1388 2645,1390 2647,1390 2648,1391 2650,1391 2651,1392 2653,1392 2653,1393 2653,1395 2654,1396 2654,1411 2655,1411 2715,1412 2716,1411 2717,1411 2720,1408 2744,1408 2744,1407 2744,1401 2746,1400 2753,1400 2756,1397 2758,1397 2759,1396 2764,1396 2765,1395 2766,1395 2767,1396 2769,1396 2773,1400 2773,1401 2774,1402 2774,1414 2775,1415 2872,1415 2872,1415 2872,1414 2873,1413 2876,1413 2876,1414 2876,1420 2877,1420 2965,1421 2967,1419 2968,1419 2969,1418 3017,1418 3018,1419 3038,1419 3039,1420 3108,1420 3110,1418 3139,1418 3139,1418 3139,1394 3140,1393 3141,1394 3202,1395 3203,1396 3216,1396 3216,1396 3216,1397 3217,1398 3218,1398 3218,1398 3218,1403 3222,1407 3223,1407 3226,1410 3227,1410 3227,1410 3227,1411 3228,1412 3303,1412 3304,1411 3304,1410 3305,1409 3306,1409 3306,1409 3306,1408 3307,1407 3307,1405 3309,1403 3313,1403 3313,1403 3313,1402 3315,1400 3316,1400 3317,1399 3318,1399 3319,1398 3327,1398 3328,1399 3330,1399 3330,1400 3330,1401 3331,1401 3332,1401 3336,1405 3337,1405 3338,1406 3340,1406 3341,1408 3341,1415 3342,1415 3390,1416 3390,1416 3390,1417 3391,1418 3424,1418 3425,1419 3495,1419 3496,1418 3496,1409 3497,1408 3497,1407 3499,1405 3499,1404 3501,1402 3547,1402 3548,1401 3550,1401 3551,1400 3552,1400 3553,1399 3564,1399 3566,1402 3566,1405 3567,1406 3567,1421 3568,1421 3671,1422 3671,1421 3671,1393 3672,1393 3692,1393 3692,1393 3692,1509 3691,1510"/>
        <TextEquiv index="0">
          <Unicode>dus Wilhelmus, Ertzhertzog von Oe&#383;terreich:</Unicode>
        </TextEquiv>
        <TextEquiv index="1">
          <Unicode>dus Wilhelmus, Ertzhertzog von Oe&#383;terreich:</Unicode>
        </TextEquiv>
      </TextLine>
      <TextLine id="l63">
        <Coords points="3672,1617 3671,1616 3671,1613 3671,1613 2897,1609 2813,1609 2812,1610 2812,1613 2812,1613 2811,1612 2805,1612 2804,1612 2804,1608 2803,1607 2803,1603 2803,1602 2765,1602 2764,1601 2757,1601 2755,1599 2755,1596 2755,1596 2085,1593 2006,1593 2005,1593 2005,1601 2005,1602 1918,1601 1918,1602 1918,1609 1918,1609 1913,1609 1912,1609 1913,1494 1913,1493 1937,1493 1938,1494 1938,1497 1938,1497 2385,1499 2386,1500 2388,1500 2389,1501 3457,1506 3458,1505 3458,1504 3459,1503 3461,1503 3462,1504 3478,1504 3479,1505 3481,1505 3482,1506 3533,1506 3534,1507 3535,1507 3536,1508 3675,1509 3676,1510 3691,1510 3692,1510 3691,1616 3691,1617"/>
        <TextEquiv index="0">
          <Unicode>Herr Matthias, und Herr Leopoldus, F&#252;r&#11799;</Unicode>
        </TextEquiv>
        <TextEquiv index="1">
          <Unicode>Herr Matthias, und Herr Leopoldus, F&#252;r&#11799;</Unicode>
        </TextEquiv>
      </TextLine>
      <TextLine id="l64">
        <Coords points="1912,1723 1912,1723 1912,1610 1913,1609 1918,1609 1918,1610 1918,1612 1918,1612 1991,1612 1992,1613 1994,1613 1994,1614 1994,1615 1996,1616 1998,1617 1999,1618 2005,1618 2005,1618 2005,1620 2006,1621 2006,1635 2007,1636 2080,1636 2081,1637 2178,1637 2179,1636 2208,1636 2210,1634 2237,1635 2238,1634 2309,1634 2309,1633 2309,1630 2310,1629 2310,1628 2314,1624 2314,1623 2318,1619 2318,1618 2320,1617 2322,1617 2323,1616 2324,1616 2325,1615 2327,1615 2329,1613 2330,1613 2331,1612 2338,1612 2340,1614 2342,1614 2342,1615 2342,1624 2343,1624 2349,1624 2350,1625 2354,1625 2355,1626 2356,1626 2365,1635 2477,1636 2477,1635 2477,1633 2478,1632 2478,1631 2479,1630 2479,1628 2481,1626 2481,1623 2483,1622 2484,1622 2487,1619 2489,1619 2489,1618 2489,1617 2491,1616 2494,1616 2497,1613 2503,1613 2504,1614 2613,1614 2614,1613 2615,1613 2616,1614 2709,1615 2710,1614 2803,1614 2803,1614 2803,1613 2804,1612 2811,1612 2813,1614 2814,1614 2815,1616 2815,1643 2816,1643 2914,1644 2914,1643 2914,1642 2916,1640 2916,1639 2918,1637 2918,1636 2920,1635 3012,1635 3012,1634 3012,1627 3013,1627 3014,1627 3016,1625 3018,1625 3018,1624 3018,1623 3020,1622 3021,1622 3021,1621 3021,1618 3026,1614 3029,1614 3030,1613 3037,1613 3038,1612 3048,1612 3049,1613 3055,1613 3055,1614 3055,1615 3057,1616 3061,1616 3063,1618 3064,1618 3065,1619 3091,1619 3092,1620 3093,1620 3094,1621 3095,1621 3095,1622 3095,1636 3096,1636 3157,1637 3158,1638 3158,1639 3159,1640 3279,1640 3279,1640 3279,1637 3280,1636 3281,1637 3374,1638 3374,1637 3374,1621 3376,1620 3377,1620 3378,1619 3387,1619 3388,1618 3419,1618 3420,1619 3422,1619 3423,1620 3423,1622 3424,1623 3424,1645 3425,1646 3534,1646 3534,1646 3534,1624 3536,1622 3536,1619 3537,1618 3537,1617 3538,1616 3539,1616 3539,1617 3539,1619 3540,1619 3543,1619 3545,1621 3546,1621 3547,1623 3547,1625 3548,1625 3671,1626 3671,1625 3671,1617 3672,1617 3691,1617 3691,1617 3691,1727 3690,1728 3616,1728 3616,1727 3616,1727 3670,1727 3671,1726 3671,1696 3670,1696 3553,1695 3552,1696 3549,1696 3547,1698 3545,1698 3544,1699 3538,1699 3538,1700 3538,1715 3537,1715 3537,1715 3537,1697 3536,1696 3488,1696 3487,1695 3341,1694 3339,1696 3338,1696 3337,1698 3337,1699 3335,1701 3335,1703 3334,1704 3334,1705 3333,1705 3288,1705 3288,1706 3288,1712 3287,1712 3284,1712 3284,1713 3284,1714 3283,1714 3280,1711 3279,1711 3279,1711 3279,1705 3278,1704 3189,1704 3188,1702 3188,1699 3187,1699 3154,1699 3153,1698 3060,1697 3058,1699 3057,1699 3057,1700 3057,1701 3056,1701 3053,1704 3052,1704 3048,1709 3048,1710 3047,1710 3044,1710 3042,1712 3032,1712 3031,1711 3026,1711 3025,1710 3024,1710 3022,1708 3020,1708 3018,1706 2925,1706 2917,1714 2912,1713 2911,1712 2910,1712 2910,1712 2910,1709 2909,1708 2870,1708 2868,1706 2868,1692 2867,1691 2719,1691 2716,1694 2711,1694 2710,1695 2709,1695 2708,1694 2707,1694 2706,1693 2614,1692 2613,1691 2502,1691 2501,1692 2501,1696 2499,1698 2497,1698 2494,1701 2493,1701 2490,1704 2490,1705 2488,1707 2482,1707 2482,1707 2482,1708 2481,1709 2481,1714 2480,1715 2480,1717 2478,1719 2477,1719 2476,1720 2475,1719 2474,1719 2474,1718 2474,1717 2473,1717 2472,1717 2472,1716 2472,1714 2471,1713 2471,1699 2470,1699 2355,1698 2353,1700 2350,1700 2349,1702 2349,1703 2348,1703 2346,1703 2345,1704 2342,1704 2342,1705 2342,1715 2341,1715 2330,1715 2327,1711 2327,1709 2326,1708 2326,1707 2325,1706 2325,1699 2324,1699 2201,1698 2201,1699 2201,1704 2200,1704 2199,1704 2198,1703 2198,1698 2197,1697 2172,1697 2171,1696 2079,1696 2077,1698 2076,1698 2075,1697 1969,1696 1969,1697 1969,1716 1968,1716 1918,1716 1918,1717 1918,1723 1917,1723"/>
        <TextEquiv index="0">
          <Unicode>&#383;ten vom Hau&#223; Medicis, zu Florentz: Ferdi-</Unicode>
        </TextEquiv>
        <TextEquiv index="1">
          <Unicode>&#383;ten vom Hau&#223; Medicis, zu Florentz: Ferdi-</Unicode>
        </TextEquiv>
      </TextLine>
      <TextLine id="l65">
        <Coords points="3672,1837 3671,1836 3671,1807 3671,1807 3566,1806 3565,1807 3563,1807 3562,1806 3370,1805 3369,1806 3369,1807 3369,1807 3366,1807 3365,1808 3364,1808 3363,1807 3335,1807 3334,1806 3323,1806 3322,1805 3291,1805 3290,1804 3137,1803 3136,1802 3012,1802 2990,1802 2988,1803 2988,1804 2987,1806 2895,1805 2894,1806 2893,1806 2892,1807 2892,1811 2891,1812 2862,1812 2861,1813 2861,1815 2861,1815 2860,1815 2860,1813 2860,1812 2702,1812 2701,1813 2700,1813 2699,1814 2694,1814 2690,1810 2690,1806 2690,1806 2645,1805 2643,1803 2489,1803 2488,1804 2401,1803 2400,1804 2399,1804 2398,1803 2199,1802 2198,1803 2189,1803 2187,1805 2186,1805 2184,1803 2133,1803 2132,1802 2114,1802 2113,1801 2034,1801 2033,1800 1918,1799 1918,1800 1918,1829 1918,1829 1912,1829 1911,1829 1912,1724 1912,1723 1917,1723 1918,1724 1918,1748 1918,1748 1971,1748 1973,1750 2028,1751 2029,1752 2128,1752 2129,1752 2129,1728 2129,1727 2133,1727 2134,1726 2137,1726 2138,1725 2141,1725 2144,1728 2144,1752 2144,1752 2253,1753 2254,1752 2254,1728 2255,1727 2267,1727 2268,1726 2272,1726 2273,1727 2274,1727 2275,1728 2278,1728 2281,1730 2281,1752 2281,1753 2393,1753 2394,1753 2394,1727 2394,1726 2396,1726 2397,1725 2400,1725 2401,1724 2402,1724 2403,1725 2408,1725 2409,1726 2409,1728 2410,1729 2410,1740 2411,1741 2411,1751 2411,1751 2522,1752 2523,1751 2523,1735 2525,1733 2530,1733 2531,1733 2531,1734 2532,1735 2532,1750 2532,1751 2572,1751 2573,1752 2655,1752 2658,1755 2660,1755 2661,1756 2661,1757 2662,1758 2662,1780 2662,1780 2771,1781 2772,1780 2772,1760 2773,1759 2773,1757 2774,1756 2774,1755 2774,1755 2775,1755 2776,1754 2776,1753 2777,1752 2777,1751 2778,1750 2778,1749 2778,1749 2779,1749 2782,1746 2874,1746 2875,1746 2875,1744 2876,1743 2876,1742 2878,1740 2878,1739 2878,1738 2879,1738 2880,1737 2881,1737 2882,1736 2927,1737 2928,1736 2928,1727 2930,1725 2946,1725 2947,1726 2979,1726 2980,1727 3028,1727 3029,1727 3029,1724 3029,1723 3030,1723 3031,1724 3031,1727 3031,1727 3100,1727 3101,1726 3110,1726 3111,1725 3113,1725 3115,1727 3115,1728 3115,1728 3210,1729 3211,1729 3211,1733 3212,1734 3212,1755 3212,1756 3252,1756 3253,1757 3277,1757 3278,1758 3281,1758 3282,1759 3396,1760 3397,1759 3397,1731 3397,1731 3398,1731 3399,1730 3402,1730 3403,1729 3438,1729 3439,1730 3444,1730 3447,1732 3447,1755 3447,1756 3520,1756 3521,1755 3522,1756 3618,1757 3619,1756 3619,1728 3619,1728 3690,1728 3691,1728 3690,1836 3690,1837"/>
        <TextEquiv index="0">
          <Unicode>nandus Ludovicus, und Wilhelmus Erne-</Unicode>
        </TextEquiv>
        <TextEquiv index="1">
          <Unicode>nandus Ludovicus, und Wilhelmus Erne-</Unicode>
        </TextEquiv>
      </TextLine>
      <TextLine id="l66">
        <Coords points="1911,1943 1911,1943 1911,1830 1912,1829 2588,1832 2589,1831 2594,1831 2595,1830 2600,1830 2601,1829 2610,1829 2611,1830 2614,1830 2614,1831 2614,1832 2615,1832 2616,1832 2616,1833 2616,1834 2618,1835 3464,1839 3465,1838 3487,1838 3488,1837 3671,1838 3672,1837 3690,1837 3690,1837 3690,1945 3689,1946 3671,1946 3670,1945 2896,1941 2896,1942 2896,1943 2894,1944 2894,1944 2894,1941 2893,1940 2877,1940 2875,1938 1918,1934 1918,1935 1918,1943 1917,1943"/>
        <TextEquiv index="0">
          <Unicode>&#383;tus, Graffen zu Mander&#383;cheid: Carolus Fer-</Unicode>
        </TextEquiv>
        <TextEquiv index="1">
          <Unicode>&#383;tus, Graffen zu Mander&#383;cheid: Carolus Fer-</Unicode>
        </TextEquiv>
      </TextLine>
      <TextLine id="l67">
        <Coords points="3672,2063 3671,2062 3671,2058 3671,2058 2698,2054 2697,2055 2695,2055 2694,2054 2524,2053 2523,2052 2522,2052 2520,2050 2520,2048 2520,2048 1911,2045 1910,2045 1911,1944 1911,1943 2406,1945 2407,1944 2735,1946 2736,1945 2739,1948 3484,1951 3486,1949 3488,1949 3490,1947 3494,1947 3495,1946 3511,1946 3512,1945 3517,1945 3518,1944 3526,1944 3527,1945 3689,1946 3690,1946 3689,2062 3689,2063"/>
        <TextEquiv index="0">
          <Unicode>dinandus, F&#252;r&#383;t in Polen / und Bi&#383;choff zu</Unicode>
        </TextEquiv>
        <TextEquiv index="1">
          <Unicode>dinandus, F&#252;r&#383;t in Polen / und Bi&#383;choff zu</Unicode>
        </TextEquiv>
      </TextLine>
      <TextLine id="l68">
        <Coords points="3673,2175 3672,2174 3671,2174 3671,2173 3671,2171 3670,2171 3549,2170 3549,2170 3549,2163 3548,2162 3479,2162 3479,2161 3479,2160 3477,2159 3476,2159 3475,2158 3403,2158 3400,2154 3400,2150 3399,2150 3188,2149 3187,2147 3187,2145 3186,2144 3186,2141 3185,2141 2893,2139 2892,2140 2775,2140 2774,2141 2766,2141 2764,2139 2663,2138 2662,2137 2318,2136 2314,2140 2313,2140 2312,2141 2274,2141 2273,2142 2271,2142 2270,2143 2145,2142 2145,2143 2145,2144 2139,2149 2137,2149 2137,2150 2137,2151 2135,2152 2128,2152 2128,2153 2128,2157 2127,2158 2127,2160 2126,2160 2124,2160 2123,2161 2122,2160 2120,2160 2118,2158 1910,2157 1910,2157 1910,2046 1911,2045 1918,2045 1918,2046 1918,2056 1918,2056 2148,2057 2149,2058 2150,2058 2151,2059 2400,2060 2401,2059 2591,2060 2593,2058 2594,2058 2595,2057 2596,2057 2597,2056 2606,2056 2607,2057 2609,2057 2610,2058 2611,2058 2613,2060 2786,2061 2787,2062 2789,2062 2790,2063 2857,2063 2858,2064 2862,2064 2862,2065 2862,2069 2863,2069 3018,2070 3019,2071 3019,2087 3020,2088 3274,2089 3274,2089 3274,2086 3275,2085 3275,2084 3276,2083 3276,2079 3278,2077 3278,2076 3280,2074 3280,2073 3281,2072 3288,2065 3289,2065 3291,2063 3292,2063 3295,2060 3296,2060 3297,2059 3298,2059 3299,2058 3301,2058 3302,2057 3306,2057 3307,2056 3317,2056 3318,2057 3508,2058 3509,2059 3510,2059 3511,2060 3516,2060 3516,2061 3516,2062 3517,2062 3689,2063 3689,2063 3689,2174 3688,2175"/>
        <TextEquiv index="0">
          <Unicode>Bre&#223;lau: Erne&#383;tus Salentinus, Graff zu</Unicode>
        </TextEquiv>
        <TextEquiv index="1">
          <Unicode>Bre&#223;lau: Erne&#383;tus Salentinus, Graff zu</Unicode>
        </TextEquiv>
      </TextLine>
      <TextLine id="l69">
        <Coords points="1910,2280 1909,2280 1910,2158 1910,2157 1917,2157 1918,2158 1918,2171 1918,2171 1987,2171 1988,2170 1989,2170 1990,2169 1996,2170 1997,2169 1997,2167 1998,2166 2046,2166 2050,2169 2050,2170 2050,2171 2123,2171 2124,2170 2125,2170 2126,2171 2127,2171 2129,2173 2129,2190 2129,2190 2192,2190 2195,2193 2258,2194 2259,2193 2259,2173 2260,2172 2263,2172 2264,2171 2268,2171 2269,2170 2272,2170 2273,2169 2274,2170 2303,2170 2304,2171 2305,2171 2309,2174 2309,2195 2309,2196 2420,2196 2421,2196 2421,2170 2423,2167 2427,2167 2428,2166 2429,2167 2433,2167 2435,2169 2435,2172 2435,2172 2457,2173 2458,2174 2460,2174 2461,2174 2461,2176 2462,2177 2462,2195 2462,2196 2484,2196 2486,2198 2572,2198 2573,2197 2574,2197 2576,2195 2578,2195 2579,2194 2580,2194 2582,2196 2649,2196 2650,2196 2650,2173 2651,2171 2653,2171 2655,2169 2661,2169 2663,2171 2663,2175 2664,2176 2664,2199 2664,2199 2774,2200 2775,2199 2775,2198 2776,2197 2776,2194 2776,2194 2777,2194 2778,2193 2778,2191 2782,2187 2782,2186 2783,2185 2783,2184 2784,2183 2784,2182 2787,2179 2790,2179 2791,2178 2794,2178 2798,2174 2803,2174 2804,2173 2818,2173 2819,2174 2819,2176 2819,2176 2826,2176 2827,2177 2829,2177 2830,2178 2832,2178 2833,2179 2833,2183 2834,2184 2835,2184 2836,2185 2836,2202 2836,2202 2856,2202 2857,2201 2858,2201 2859,2200 2976,2201 2977,2200 2977,2179 2977,2179 2978,2179 2979,2178 2980,2178 2982,2176 2988,2176 2989,2175 2990,2176 2991,2176 2992,2176 2992,2202 2992,2203 3061,2203 3062,2202 3066,2202 3067,2201 3127,2201 3128,2201 3128,2196 3129,2195 3129,2194 3130,2193 3130,2190 3130,2189 3132,2189 3133,2189 3133,2187 3134,2185 3135,2185 3137,2184 3137,2183 3138,2182 3138,2177 3138,2176 3140,2176 3145,2172 3146,2172 3150,2168 3165,2168 3166,2167 3180,2167 3181,2168 3182,2168 3183,2168 3183,2169 3183,2170 3195,2170 3196,2171 3199,2171 3202,2173 3202,2175 3204,2177 3204,2180 3208,2184 3208,2192 3208,2193 3231,2193 3233,2194 3233,2195 3233,2196 3305,2196 3307,2195 3307,2194 3308,2193 3308,2192 3309,2191 3309,2188 3312,2185 3312,2181 3312,2180 3316,2180 3322,2174 3323,2174 3324,2173 3326,2173 3327,2172 3329,2172 3330,2171 3355,2171 3356,2171 3356,2168 3358,2165 3359,2165 3360,2164 3361,2164 3363,2166 3363,2170 3363,2170 3367,2170 3369,2172 3372,2173 3374,2174 3374,2190 3374,2191 3399,2191 3400,2192 3465,2192 3466,2191 3466,2184 3466,2184 3511,2184 3512,2184 3512,2183 3514,2181 3514,2179 3515,2177 3516,2177 3518,2176 3518,2175 3519,2173 3521,2173 3522,2172 3524,2172 3525,2171 3533,2171 3536,2174 3536,2175 3536,2175 3580,2175 3581,2176 3582,2176 3586,2180 3586,2181 3587,2182 3587,2200 3587,2200 3670,2201 3671,2200 3671,2174 3671,2174 3672,2174 3673,2175 3688,2175 3689,2175 3688,2282 3688,2283 3672,2283 3671,2282 3672,2248 3671,2248 3601,2248 3600,2249 3600,2250 3598,2251 3596,2251 3595,2252 3565,2252 3564,2253 3563,2253 3562,2254 3559,2254 3558,2255 3557,2255 3556,2256 3520,2256 3519,2257 3518,2257 3517,2258 3517,2268 3517,2268 3516,2268 3515,2268 3515,2260 3515,2259 3498,2259 3497,2258 3409,2258 3408,2259 3407,2259 3405,2260 3405,2264 3405,2265 3404,2265 3403,2265 3403,2266 3400,2270 3339,2269 3338,2270 3338,2272 3338,2272 3336,2272 3335,2271 3309,2271 3308,2272 3308,2274 3308,2274 3307,2274 3307,2260 3306,2259 3306,2256 3306,2255 3195,2255 3194,2256 3192,2256 3189,2259 3186,2259 3185,2260 3179,2260 3178,2261 3159,2261 3158,2260 3087,2259 3086,2260 3086,2261 3085,2262 3084,2262 3083,2262 3083,2261 3082,2260 3082,2253 3082,2252 3063,2252 3062,2253 3062,2282 3062,2282 3046,2282 3045,2282 3045,2253 3045,2252 3012,2252 3011,2251 2810,2250 2809,2249 2778,2249 2735,2249 2733,2251 2732,2250 2662,2249 2656,2249 2655,2250 2653,2248 2632,2248 2631,2247 2554,2247 2553,2246 2433,2245 2431,2247 2429,2247 2428,2246 2414,2246 2413,2245 2336,2245 2335,2246 2334,2246 2333,2247 2331,2247 2330,2246 2237,2246 2235,2248 2234,2248 2233,2249 2232,2249 2231,2249 2231,2250 2231,2251 2197,2250 2196,2251 2192,2251 2191,2252 2166,2252 2165,2253 2163,2253 2162,2253 2162,2251 2162,2250 2124,2250 2123,2251 2123,2270 2123,2270 2122,2270 2122,2251 2122,2250 2045,2250 2044,2251 2042,2251 2041,2252 2040,2252 2037,2255 2032,2255 2028,2259 2021,2259 2020,2260 2019,2260 2018,2261 1996,2261 1992,2256 1918,2256 1918,2257 1918,2280 1918,2280"/>
        <TextEquiv index="0">
          <Unicode>Salm: Ferdinandus Carolus, Graff zu L&#246;&#11799;</Unicode>
        </TextEquiv>
        <TextEquiv index="1">
          <Unicode>Salm: Ferdinandus Carolus, Graff zu L&#246;&#11799;</Unicode>
        </TextEquiv>
      </TextLine>
      <TextLine id="l70">
        <Coords points="2818,2393 2818,2393 2818,2362 2818,2361 2812,2361 2811,2362 2810,2362 2809,2363 2808,2363 2806,2364 2806,2363 2802,2363 2801,2362 2800,2362 2799,2361 2797,2361 2796,2360 2717,2360 2715,2361 2715,2362 2715,2363 2714,2363 2712,2364 2712,2367 2711,2368 2711,2369 2709,2371 2705,2371 2705,2370 2705,2368 2704,2368 2660,2367 2659,2366 2659,2365 2658,2364 2587,2364 2585,2366 2584,2366 2583,2367 2558,2367 2558,2367 2558,2383 2554,2387 2549,2387 2548,2388 2547,2387 2542,2387 2541,2386 2535,2386 2533,2383 2533,2365 2532,2365 2529,2365 2528,2364 2471,2364 2470,2365 2467,2365 2466,2364 2402,2363 2401,2364 2399,2364 2397,2366 2391,2366 2390,2365 2341,2365 2341,2365 2341,2364 2339,2362 2339,2361 2338,2359 2338,2358 2337,2357 2279,2357 2278,2357 2278,2358 2277,2359 2277,2360 2276,2361 2276,2362 2275,2363 2275,2364 2274,2365 2274,2366 2273,2367 2269,2367 2269,2366 2269,2365 2268,2364 2268,2363 2267,2362 2202,2361 2201,2360 2143,2360 2142,2361 2122,2361 2121,2362 2120,2362 2119,2363 2119,2378 2118,2379 2118,2380 2117,2380 2116,2380 2115,2381 2112,2381 2112,2381 2112,2380 2110,2378 2110,2377 2109,2376 2109,2361 2109,2360 2090,2360 2089,2359 2082,2359 1997,2359 1996,2360 1991,2359 1989,2357 1918,2357 1918,2358 1918,2385 1917,2385 1909,2385 1909,2385 1909,2281 1910,2280 1918,2280 1918,2281 1918,2296 1918,2296 1965,2296 1966,2297 1972,2297 1972,2298 1972,2299 1973,2299 1988,2299 1988,2300 1988,2301 1989,2301 2046,2302 2047,2301 2065,2301 2066,2300 2112,2300 2112,2300 2112,2298 2115,2295 2115,2294 2116,2293 2116,2290 2117,2289 2118,2288 2119,2288 2123,2284 2125,2284 2126,2283 2128,2283 2129,2282 2130,2282 2131,2281 2133,2281 2134,2282 2144,2282 2145,2284 2145,2285 2148,2287 2150,2287 2151,2288 2208,2288 2212,2284 2220,2284 2220,2284 2220,2283 2221,2282 2221,2278 2222,2277 2222,2276 2223,2275 2223,2276 2223,2300 2224,2301 2230,2301 2231,2302 2291,2302 2291,2301 2291,2299 2292,2298 2292,2297 2294,2296 2295,2296 2295,2295 2295,2294 2296,2294 2307,2294 2307,2293 2307,2292 2309,2290 2309,2288 2310,2287 2310,2286 2312,2285 2314,2285 2317,2282 2318,2282 2319,2281 2321,2281 2322,2280 2325,2280 2326,2279 2354,2279 2355,2278 2380,2278 2381,2279 2402,2279 2403,2280 2404,2280 2405,2281 2408,2281 2409,2282 2410,2282 2410,2283 2410,2284 2413,2286 2414,2286 2414,2287 2414,2288 2416,2289 2420,2289 2421,2291 2421,2297 2424,2299 2426,2299 2427,2300 2510,2301 2511,2300 2512,2300 2513,2299 2525,2299 2525,2298 2525,2290 2526,2290 2534,2290 2534,2289 2534,2287 2535,2287 2536,2287 2537,2286 2539,2286 2540,2285 2541,2285 2542,2284 2549,2284 2550,2285 2554,2285 2555,2286 2555,2287 2557,2289 2557,2304 2558,2305 2616,2305 2617,2304 2617,2295 2618,2294 2618,2293 2620,2291 2621,2291 2621,2291 2621,2289 2622,2288 2625,2288 2625,2289 2625,2304 2626,2304 2666,2304 2667,2305 2729,2306 2731,2303 2731,2300 2732,2299 2732,2295 2733,2295 2746,2295 2746,2294 2746,2286 2748,2285 2759,2285 2760,2286 2776,2286 2777,2287 2778,2287 2779,2288 2785,2288 2788,2291 2789,2291 2794,2296 2794,2299 2795,2300 2795,2312 2796,2313 2847,2313 2848,2314 2850,2314 2852,2316 2853,2316 2854,2317 2921,2318 2921,2317 2921,2287 2923,2285 2923,2284 2924,2284 2925,2284 2926,2283 2928,2283 2929,2282 2934,2282 2934,2282 2934,2283 2935,2284 2935,2313 2936,2314 3026,2314 3026,2314 3026,2311 3027,2310 3027,2309 3029,2307 3029,2301 3030,2300 3030,2297 3034,2293 3034,2292 3037,2289 3037,2288 3039,2286 3041,2286 3042,2285 3045,2285 3045,2285 3045,2283 3046,2282 3063,2282 3063,2283 3063,2315 3064,2315 3113,2315 3114,2314 3116,2314 3117,2313 3147,2314 3149,2312 3150,2312 3151,2311 3152,2311 3153,2310 3154,2310 3154,2310 3154,2312 3156,2314 3162,2314 3163,2315 3224,2315 3226,2312 3226,2311 3228,2310 3230,2310 3230,2309 3230,2308 3231,2308 3234,2308 3235,2307 3263,2307 3264,2308 3327,2308 3327,2308 3327,2300 3328,2299 3328,2297 3330,2295 3330,2294 3331,2293 3331,2292 3333,2290 3335,2290 3335,2290 3335,2289 3336,2288 3392,2289 3392,2288 3392,2286 3393,2286 3396,2286 3397,2285 3400,2285 3401,2284 3469,2284 3470,2285 3480,2285 3481,2286 3485,2286 3486,2288 3486,2313 3487,2313 3549,2313 3550,2312 3554,2312 3555,2311 3576,2311 3577,2312 3579,2312 3580,2313 3582,2313 3584,2316 3584,2317 3585,2318 3585,2319 3586,2320 3586,2325 3588,2326 3613,2327 3614,2328 3671,2328 3671,2327 3671,2283 3672,2283 3688,2283 3688,2283 3688,2386 3687,2387 3674,2387 3673,2386 3671,2386 3671,2385 3671,2349 3671,2349 3601,2349 3600,2349 3600,2369 3599,2370 3598,2368 3598,2362 3598,2361 3584,2361 3583,2360 3517,2360 3516,2361 3513,2361 3512,2362 3480,2362 3479,2363 3477,2361 3433,2361 3432,2360 3352,2359 3351,2360 3351,2361 3350,2362 3350,2363 3348,2365 3348,2366 3346,2367 3311,2367 3311,2368 3311,2369 3309,2370 3262,2370 3262,2371 3262,2372 3261,2372 3203,2372 3201,2374 3199,2374 3196,2377 3192,2377 3190,2379 3189,2379 3187,2376 3187,2363 3187,2363 3005,2362 3004,2363 2995,2363 2994,2363 2994,2364 2993,2365 2992,2365 2992,2364 2991,2364 2989,2362 2988,2362 2986,2360 2901,2359 2899,2361 2894,2361 2893,2362 2891,2362 2890,2361 2824,2361 2823,2362 2823,2393 2822,2393"/>
        <TextEquiv index="0">
          <Unicode>wen&#383;tein / Wertheim / Rochefort, und Mon-</Unicode>
        </TextEquiv>
        <TextEquiv index="1">
          <Unicode>wen&#383;tein / Wertheim / Rochefort, und Mon-</Unicode>
        </TextEquiv>
      </TextLine>
      <TextLine id="l71">
        <Coords points="1909,2499 1908,2499 1909,2386 1909,2385 1917,2385 1918,2386 1918,2411 1918,2411 1965,2411 1966,2412 1966,2413 1967,2414 1967,2416 1967,2416 2044,2417 2045,2416 2053,2416 2054,2417 2055,2417 2056,2418 2089,2418 2090,2419 2115,2419 2116,2420 2178,2420 2179,2420 2179,2392 2181,2389 2182,2389 2183,2390 2198,2390 2199,2391 2261,2392 2262,2391 2269,2391 2272,2393 2272,2416 2272,2417 2299,2417 2300,2418 2327,2418 2328,2419 2404,2419 2405,2419 2405,2404 2407,2401 2409,2401 2410,2401 2410,2400 2412,2398 2412,2396 2412,2395 2417,2395 2420,2398 2474,2399 2475,2400 2476,2400 2477,2400 2477,2402 2478,2403 2478,2418 2478,2419 2581,2419 2582,2419 2582,2397 2583,2395 2584,2395 2585,2394 2650,2394 2651,2395 2660,2395 2662,2397 2662,2424 2662,2424 2715,2425 2716,2424 2717,2424 2718,2423 2720,2423 2721,2422 2771,2422 2772,2421 2774,2421 2775,2422 2801,2422 2802,2422 2802,2405 2803,2404 2803,2402 2805,2399 2808,2399 2809,2400 2810,2400 2812,2402 2812,2403 2813,2404 2813,2422 2814,2423 2816,2423 2817,2423 2817,2394 2817,2393 2822,2393 2823,2394 2823,2396 2824,2397 2824,2423 2824,2423 2859,2423 2861,2425 2927,2426 2928,2425 2929,2425 2930,2424 2931,2424 2932,2423 2943,2423 2944,2422 2944,2419 2944,2419 2984,2419 2985,2418 2985,2398 2986,2397 2986,2396 2986,2396 3011,2396 3012,2397 3063,2397 3065,2399 3065,2423 3065,2423 3141,2424 3142,2423 3166,2423 3167,2424 3204,2424 3205,2425 3285,2425 3286,2424 3288,2424 3290,2422 3350,2422 3351,2423 3401,2424 3402,2425 3473,2425 3474,2424 3474,2423 3475,2422 3475,2421 3476,2420 3476,2418 3477,2417 3477,2416 3478,2415 3478,2414 3479,2413 3479,2412 3480,2411 3481,2411 3482,2410 3482,2409 3484,2407 3485,2407 3486,2406 3488,2406 3489,2406 3489,2405 3491,2402 3492,2402 3493,2401 3495,2401 3497,2399 3499,2399 3500,2398 3505,2398 3507,2396 3522,2396 3525,2399 3569,2399 3570,2400 3570,2423 3570,2423 3584,2423 3585,2424 3585,2440 3585,2440 3601,2441 3602,2442 3610,2442 3611,2443 3670,2443 3671,2442 3671,2386 3671,2386 3673,2386 3674,2387 3687,2387 3688,2387 3687,2504 3687,2505 3672,2505 3671,2504 3672,2477 3671,2476 3671,2454 3670,2454 3585,2453 3585,2454 3585,2469 3583,2470 3578,2470 3576,2472 3575,2472 3574,2473 3573,2473 3572,2474 3514,2474 3513,2475 3511,2475 3510,2476 3506,2476 3505,2477 3504,2477 3504,2477 3504,2476 3503,2475 3449,2475 3446,2472 3312,2471 3312,2472 3311,2499 3311,2499 3310,2499 3311,2472 3310,2471 3274,2471 3272,2473 3271,2473 3270,2474 3242,2474 3240,2472 3212,2472 3211,2471 3140,2470 3139,2471 3136,2471 3135,2472 3120,2472 3118,2474 3055,2474 3054,2473 3042,2473 3041,2472 2975,2472 2975,2472 2975,2477 2974,2478 2973,2479 2972,2480 2972,2481 2970,2484 2969,2484 2967,2485 2967,2486 2967,2487 2966,2487 2965,2488 2964,2488 2963,2489 2960,2489 2959,2488 2957,2488 2956,2487 2956,2486 2955,2485 2956,2475 2955,2475 2905,2474 2904,2475 2903,2475 2901,2473 2900,2473 2899,2472 2846,2472 2845,2471 2780,2471 2779,2470 2757,2470 2757,2470 2756,2495 2756,2496 2755,2496 2754,2495 2755,2470 2754,2470 2696,2470 2695,2471 2692,2471 2690,2473 2679,2472 2678,2471 2677,2471 2676,2470 2603,2470 2602,2469 2595,2469 2594,2468 2523,2468 2522,2469 2502,2469 2501,2468 2448,2467 2447,2466 2349,2466 2348,2467 2347,2466 2268,2466 2267,2467 2264,2467 2263,2468 2222,2467 2221,2468 2219,2468 2219,2468 2219,2467 2218,2466 2197,2466 2113,2466 2112,2467 2109,2467 2108,2468 2070,2468 2070,2468 2069,2480 2068,2481 2068,2482 2067,2483 2067,2484 2066,2485 2066,2486 2064,2488 2064,2489 2064,2490 2063,2490 2062,2491 2061,2491 2060,2492 2059,2492 2058,2493 2057,2493 2056,2494 2055,2494 2054,2495 2052,2495 2051,2496 2046,2496 2045,2497 2036,2497 2035,2496 2032,2496 2031,2495 2030,2495 2029,2494 2028,2494 2027,2493 2025,2493 2023,2491 2023,2484 2022,2483 2023,2465 2022,2465 1918,2464 1918,2465 1918,2499 1918,2499"/>
        <TextEquiv index="0">
          <Unicode>tagu: Mauritius Henricus, Hermannus Ot-</Unicode>
        </TextEquiv>
        <TextEquiv index="1">
          <Unicode>tagu: Mauritius Henricus, Hermannus Ot-</Unicode>
        </TextEquiv>
      </TextLine>
      <TextLine id="l72">
        <Coords points="3671,2616 3671,2615 3671,2612 3670,2612 3627,2612 3627,2611 3627,2592 3627,2592 3573,2591 3572,2592 3572,2606 3571,2606 3570,2605 3570,2592 3570,2591 3537,2591 3536,2591 3536,2590 3536,2589 3439,2589 3438,2590 3436,2590 3435,2589 3434,2589 3433,2589 3433,2612 3432,2613 3431,2613 3430,2611 3430,2589 3430,2589 3353,2588 3352,2589 3352,2590 3352,2590 3351,2590 3350,2591 3350,2599 3349,2600 3349,2607 3348,2607 3343,2607 3343,2607 3343,2606 3342,2605 3342,2604 3341,2603 3320,2603 3320,2603 3320,2600 3319,2599 3319,2597 3318,2596 3318,2592 3317,2591 3317,2589 3317,2588 3200,2588 3199,2588 3199,2590 3199,2591 3196,2591 3194,2592 3194,2593 3192,2595 3185,2595 3184,2596 3183,2596 3181,2598 3178,2598 3177,2597 3173,2597 3172,2596 3166,2596 3164,2593 3162,2593 3159,2590 3158,2590 3157,2589 3156,2589 3155,2588 3154,2588 3152,2586 3151,2586 3149,2584 3073,2583 3072,2584 3072,2585 3071,2586 3071,2589 3070,2590 3070,2593 3069,2594 3069,2595 3068,2596 3068,2597 3065,2599 3063,2599 3061,2602 3061,2603 3060,2603 3058,2603 3057,2602 3054,2602 3053,2601 3053,2600 3052,2599 3052,2583 3052,2582 2970,2582 2967,2585 2915,2585 2914,2585 2914,2586 2913,2588 2912,2587 2910,2586 2909,2585 2908,2585 2907,2584 2808,2584 2807,2584 2807,2583 2806,2581 2673,2580 2672,2581 2624,2581 2623,2582 2581,2582 2580,2581 2576,2581 2575,2580 2574,2580 2573,2579 2572,2579 2571,2578 2449,2577 2448,2578 2447,2578 2445,2580 2444,2579 2398,2579 2397,2578 2288,2578 2287,2578 2287,2582 2286,2583 2286,2585 2285,2586 2285,2591 2284,2592 2284,2593 2281,2596 2280,2596 2278,2598 2278,2599 2277,2600 2277,2601 2276,2602 2275,2602 2274,2603 2273,2603 2272,2604 2271,2604 2270,2605 2266,2605 2265,2604 2262,2604 2261,2603 2260,2603 2259,2601 2259,2600 2258,2599 2258,2595 2257,2594 2257,2584 2257,2584 2186,2583 2185,2584 2138,2584 2137,2585 2065,2585 2064,2586 2063,2586 2062,2587 2059,2587 2057,2585 2057,2576 2057,2576 1973,2575 1972,2576 1918,2576 1918,2577 1918,2590 1918,2590 1909,2590 1908,2590 1908,2500 1909,2499 1918,2499 1918,2500 1918,2528 1918,2528 1998,2529 1999,2528 2010,2528 2011,2529 2012,2529 2013,2530 2016,2530 2018,2532 2019,2532 2020,2533 2100,2533 2101,2531 2101,2530 2103,2529 2104,2529 2105,2528 2106,2528 2109,2525 2158,2525 2160,2523 2200,2523 2200,2523 2200,2518 2202,2516 2202,2515 2203,2514 2203,2513 2204,2512 2204,2510 2206,2508 2207,2508 2208,2507 2263,2508 2263,2507 2263,2502 2266,2500 2269,2500 2270,2501 2369,2501 2370,2502 2371,2502 2372,2503 2373,2503 2375,2506 2375,2529 2376,2529 2465,2530 2466,2529 2467,2529 2468,2528 2522,2528 2523,2527 2524,2527 2525,2528 2540,2528 2541,2529 2546,2529 2548,2531 2673,2531 2673,2531 2673,2507 2674,2506 2683,2507 2684,2506 2702,2506 2703,2505 2704,2506 2705,2506 2706,2507 2717,2507 2718,2508 2718,2515 2719,2516 2719,2530 2720,2531 2741,2531 2742,2532 2871,2532 2872,2531 2872,2527 2874,2525 2874,2523 2875,2522 2875,2520 2877,2518 2877,2517 2878,2516 2878,2515 2880,2513 2881,2513 2884,2510 2884,2509 2885,2508 2889,2508 2890,2507 2901,2507 2903,2509 2906,2509 2907,2511 2907,2512 2908,2513 2908,2519 2909,2520 2909,2536 2910,2536 2987,2537 2989,2535 2998,2535 2999,2534 3001,2534 3003,2536 3005,2536 3007,2538 3007,2563 3009,2565 3132,2565 3132,2565 3132,2548 3133,2547 3133,2535 3134,2534 3134,2531 3136,2529 3138,2529 3138,2529 3138,2524 3139,2523 3140,2523 3140,2523 3140,2521 3142,2519 3142,2518 3143,2517 3143,2516 3144,2515 3144,2514 3147,2511 3147,2510 3148,2510 3150,2508 3153,2508 3154,2507 3155,2507 3156,2506 3157,2506 3158,2505 3160,2505 3161,2504 3162,2504 3164,2502 3175,2502 3176,2503 3190,2503 3190,2503 3190,2505 3191,2506 3202,2506 3203,2507 3205,2507 3206,2508 3206,2509 3207,2510 3210,2510 3211,2511 3211,2512 3215,2516 3215,2529 3216,2530 3313,2530 3313,2530 3313,2527 3314,2526 3316,2526 3317,2525 3317,2522 3318,2521 3318,2520 3319,2519 3319,2517 3324,2512 3325,2512 3327,2510 3330,2510 3331,2509 3331,2507 3332,2506 3335,2506 3336,2505 3364,2505 3365,2504 3369,2504 3370,2506 3374,2506 3376,2508 3377,2508 3377,2508 3377,2527 3378,2528 3435,2528 3436,2527 3437,2527 3439,2529 3485,2529 3486,2530 3577,2530 3577,2530 3577,2529 3578,2528 3600,2529 3601,2528 3602,2528 3603,2527 3605,2527 3606,2526 3671,2526 3671,2525 3671,2505 3672,2505 3687,2505 3687,2505 3687,2615 3686,2616"/>
        <TextEquiv index="0">
          <Unicode>to, und Johannes Erne&#383;tus, Graffen von</Unicode>
        </TextEquiv>
        <TextEquiv index="1">
          <Unicode>to, und Johannes Erne&#383;tus, Graffen von</Unicode>
        </TextEquiv>
      </TextLine>
      <TextLine id="l73">
        <Coords points="3016,2724 3015,2723 3014,2723 3013,2722 3010,2722 3009,2721 3009,2719 3009,2719 1918,2714 1918,2715 1918,2718 1918,2718 1908,2718 1907,2718 1908,2591 1909,2590 1918,2590 1918,2591 1918,2601 1918,2601 2018,2602 2020,2604 2022,2604 2025,2607 2141,2607 2142,2608 2143,2608 2144,2609 2146,2609 2147,2610 2411,2611 2413,2613 2413,2615 2413,2615 3292,2619 3293,2618 3294,2618 3295,2617 3670,2619 3671,2618 3671,2616 3671,2616 3686,2616 3687,2616 3686,2715 3686,2716 3023,2713 3022,2713 3022,2716 3021,2717 3021,2719 3020,2720 3020,2721 3019,2722 3019,2723 3019,2724"/>
        <TextEquiv index="0">
          <Unicode>Na&#383;&#383;au / Herren zu Beil&#383;tein: Georgius</Unicode>
        </TextEquiv>
        <TextEquiv index="1">
          <Unicode>Na&#383;&#383;au / Herren zu Beil&#383;tein: Georgius</Unicode>
        </TextEquiv>
      </TextLine>
      <TextLine id="l74">
        <Coords points="3090,2832 3089,2831 3084,2831 3082,2829 3082,2828 3081,2827 2685,2826 2685,2825 2685,2824 2684,2824 2680,2823 2679,2822 1918,2819 1918,2820 1918,2826 1917,2826 1907,2826 1907,2826 1907,2719 1908,2718 2239,2720 2240,2719 2509,2720 2510,2719 2511,2719 2513,2717 2532,2717 2532,2716 2532,2715 2533,2715 2534,2715 2534,2715 2534,2716 2535,2717 2537,2717 2538,2718 2539,2718 2541,2720 3471,2724 3471,2723 3471,2714 3472,2714 3504,2714 3505,2713 3511,2713 3511,2714 3511,2715 3512,2715 3686,2716 3686,2716 3686,2833 3685,2834 3211,2832 3210,2833"/>
        <TextEquiv index="0">
          <Unicode>Franci&#383;cus, Graff zu K&#246;nigsegg: Wil-</Unicode>
        </TextEquiv>
        <TextEquiv index="1">
          <Unicode>Franci&#383;cus, Graff zu K&#246;nigsegg: Wil-</Unicode>
        </TextEquiv>
      </TextLine>
      <TextLine id="l75">
        <Coords points="3672,2951 3671,2950 3672,2936 3671,2935 3671,2922 3670,2922 3600,2922 3599,2923 3598,2945 3597,2946 3596,2946 3595,2947 3595,2948 3595,2948 3593,2947 3594,2925 3593,2924 3592,2924 3592,2924 3592,2923 3591,2922 3507,2922 3507,2923 3507,2928 3506,2929 3506,2931 3505,2932 3505,2934 3504,2935 3504,2936 3503,2937 3502,2940 3502,2940 3481,2940 3480,2940 3480,2942 3480,2943 3477,2943 3475,2941 3475,2938 3475,2938 3474,2938 3474,2937 3474,2935 3473,2934 3473,2925 3472,2925 3389,2925 3389,2925 3389,2933 3388,2934 3388,2933 3388,2929 3387,2929 3338,2928 3337,2927 3333,2927 3331,2925 3324,2925 3324,2925 3324,2924 3322,2922 3320,2922 3319,2921 3317,2921 3316,2920 3316,2919 3315,2918 3313,2918 3312,2917 3311,2917 3310,2916 3310,2915 3309,2914 3305,2914 3305,2914 3305,2906 3304,2905 3234,2905 3234,2905 3234,2912 3233,2913 3233,2916 3232,2917 3232,2919 3230,2921 3230,2922 3229,2923 3229,2924 3227,2926 3226,2926 3226,2926 3226,2927 3225,2928 3224,2928 3224,2928 3224,2929 3223,2930 3222,2930 3221,2931 3220,2931 3219,2932 3213,2932 3213,2931 3213,2930 3212,2929 3212,2915 3211,2915 3123,2914 3123,2915 3123,2925 3122,2926 3122,2929 3121,2930 3121,2934 3120,2934 3119,2934 3119,2935 3119,2936 3115,2939 3115,2940 3113,2942 3111,2942 3110,2943 3110,2944 3110,2944 3107,2944 3106,2945 3104,2945 3103,2946 3099,2946 3098,2945 3086,2945 3085,2944 3084,2944 3083,2943 3080,2943 3078,2942 3078,2940 3078,2939 3077,2939 3076,2939 3077,2936 3076,2935 3076,2917 3075,2916 3060,2916 3059,2915 3047,2915 3046,2914 2943,2914 2942,2915 2937,2915 2936,2916 2932,2916 2931,2917 2912,2917 2911,2918 2907,2917 2905,2915 2811,2915 2810,2914 2803,2914 2802,2913 2801,2913 2800,2912 2677,2911 2676,2912 2642,2912 2641,2913 2589,2913 2589,2914 2589,2915 2587,2916 2586,2916 2585,2917 2559,2917 2558,2918 2557,2918 2554,2921 2437,2920 2436,2921 2364,2921 2363,2923 2363,2926 2361,2928 2361,2930 2358,2933 2358,2935 2355,2937 2353,2937 2351,2939 2349,2939 2347,2941 2335,2941 2334,2942 2333,2941 2326,2941 2323,2938 2322,2938 2320,2936 2321,2935 2318,2932 2318,2929 2317,2928 2317,2910 2316,2910 2225,2910 2224,2911 2149,2910 2148,2909 2127,2909 2126,2908 2031,2908 2030,2909 2026,2909 2025,2908 2023,2908 2022,2907 1918,2906 1918,2907 1918,2939 1918,2939 1907,2939 1906,2939 1907,2827 1907,2826 1917,2826 1918,2827 1918,2829 1918,2829 1967,2829 1971,2833 1971,2859 1971,2859 2055,2860 2056,2859 2056,2835 2056,2835 2059,2835 2060,2834 2061,2834 2062,2833 2065,2833 2066,2832 2067,2832 2068,2831 2070,2831 2072,2832 2072,2858 2072,2859 2093,2859 2095,2861 2166,2861 2167,2860 2224,2861 2225,2860 2267,2860 2268,2859 2268,2837 2268,2837 2269,2837 2270,2836 2272,2836 2273,2835 2288,2835 2289,2836 2294,2836 2295,2837 2305,2837 2306,2838 2309,2838 2310,2838 2310,2840 2311,2841 2311,2860 2311,2861 2336,2861 2337,2862 2393,2862 2394,2863 2396,2863 2397,2864 2468,2865 2470,2863 2470,2862 2471,2861 2472,2861 2475,2858 2475,2857 2478,2854 2480,2854 2482,2856 2566,2856 2567,2856 2567,2853 2568,2852 2568,2851 2570,2849 2570,2847 2571,2846 2571,2845 2572,2843 2636,2843 2637,2843 2637,2840 2640,2836 2644,2836 2645,2835 2680,2835 2681,2837 2685,2837 2686,2837 2686,2839 2687,2840 2687,2845 2688,2846 2688,2862 2688,2863 2710,2863 2711,2864 2748,2864 2749,2865 2840,2865 2841,2865 2841,2860 2842,2859 2842,2857 2843,2856 2843,2854 2844,2853 2844,2850 2845,2849 2845,2848 2852,2841 2852,2840 2852,2839 2854,2839 2855,2838 2856,2838 2857,2837 2859,2837 2860,2836 2861,2836 2862,2835 2865,2835 2866,2834 2869,2834 2870,2835 2871,2835 2872,2836 2873,2836 2874,2837 2874,2838 2874,2838 2875,2838 2878,2841 2878,2843 2879,2844 2879,2867 2879,2867 2959,2868 2961,2866 2962,2866 2963,2865 3020,2865 3021,2864 3021,2842 3024,2839 3045,2839 3046,2840 3065,2840 3066,2841 3067,2841 3069,2843 3069,2846 3070,2847 3070,2867 3070,2867 3161,2868 3162,2869 3163,2869 3166,2872 3167,2872 3173,2877 3173,2878 3174,2879 3174,2881 3175,2882 3175,2888 3176,2889 3176,2895 3176,2896 3224,2896 3225,2897 3226,2897 3228,2899 3293,2899 3294,2899 3294,2880 3295,2879 3295,2872 3299,2868 3299,2862 3300,2861 3300,2855 3301,2854 3301,2852 3302,2851 3302,2850 3303,2848 3304,2848 3305,2848 3305,2847 3308,2843 3309,2843 3313,2839 3316,2839 3317,2839 3317,2838 3318,2836 3322,2836 3324,2834 3330,2834 3331,2833 3332,2833 3333,2832 3350,2832 3351,2833 3351,2834 3352,2835 3365,2835 3366,2836 3367,2836 3368,2838 3371,2838 3372,2838 3372,2842 3372,2843 3373,2843 3374,2844 3375,2844 3377,2845 3377,2846 3379,2848 3379,2856 3379,2857 3399,2857 3402,2859 3402,2860 3402,2861 3471,2861 3473,2859 3473,2855 3474,2854 3474,2853 3477,2850 3477,2849 3481,2845 3482,2845 3487,2840 3488,2840 3489,2839 3490,2839 3492,2837 3514,2837 3515,2836 3518,2836 3519,2835 3526,2835 3527,2834 3529,2834 3530,2835 3531,2835 3532,2836 3533,2836 3538,2841 3538,2859 3538,2859 3596,2859 3598,2858 3599,2858 3600,2857 3670,2857 3671,2856 3671,2834 3671,2834 3685,2834 3686,2834 3685,2950 3685,2951"/>
        <TextEquiv index="0">
          <Unicode>helmus Ego, und Erne&#383;tus Ego, Graffen</Unicode>
        </TextEquiv>
        <TextEquiv index="1">
          <Unicode>helmus Ego, und Erne&#383;tus Ego, Graffen</Unicode>
        </TextEquiv>
      </TextLine>
      <TextLine id="l76">
        <Coords points="3671,3062 3671,3061 3671,3056 3670,3056 3621,3056 3620,3054 3620,3044 3620,3044 3595,3043 3594,3042 3593,3042 3591,3041 3591,3032 3591,3031 2612,3027 2610,3029 2573,3029 2572,3030 2572,3033 2572,3033 2571,3033 2570,3034 2570,3035 2569,3036 2569,3037 2568,3038 2568,3040 2567,3041 2567,3042 2566,3043 2566,3044 2565,3045 2564,3045 2562,3047 2561,3047 2560,3048 2552,3048 2551,3049 2294,3048 2290,3044 1907,3042 1906,3042 1906,2940 1907,2939 2172,2940 2173,2941 2174,2941 2175,2942 2177,2942 2178,2943 2180,2943 2181,2944 3315,2949 3316,2948 3335,2948 3335,2948 3335,2947 3336,2946 3339,2946 3342,2949 3685,2951 3685,2951 3685,3061 3684,3062"/>
        <TextEquiv index="0">
          <Unicode>von F&#252;r&#383;tenberg: Ferdinandus Albertus,</Unicode>
        </TextEquiv>
        <TextEquiv index="1">
          <Unicode>von F&#252;r&#383;tenberg: Ferdinandus Albertus,</Unicode>
        </TextEquiv>
      </TextLine>
      <TextLine id="l77">
        <Coords points="1906,3163 1906,3163 1906,3043 1907,3042 1918,3042 1918,3043 1918,3045 1918,3045 1997,3046 1998,3047 2007,3047 2008,3048 2009,3048 2010,3049 2190,3049 2190,3050 2191,3050 2192,3051 3037,3055 3040,3052 3041,3053 3042,3053 3044,3055 3044,3057 3044,3057 3050,3057 3051,3058 3150,3059 3151,3060 3684,3062 3685,3062 3685,3167 3684,3168 3672,3168 3672,3167 3672,3166 3671,3166 3488,3165 3487,3164 3486,3164 3485,3163 2421,3158 2421,3159 2421,3161 2420,3161 1918,3159 1918,3160 1918,3163 1917,3163"/>
        <TextEquiv index="0">
          <Unicode>Graff von Salm / und Riffer&#383;cheit: Sigis-</Unicode>
        </TextEquiv>
        <TextEquiv index="1">
          <Unicode>Graff von Salm / und Riffer&#383;cheit: Sigis-</Unicode>
        </TextEquiv>
      </TextLine>
      <TextLine id="l78">
        <Coords points="3672,3281 3671,3280 3671,3279 3671,3279 3668,3279 3667,3278 3396,3277 3395,3276 3051,3274 3050,3273 2738,3272 2737,3271 1918,3267 1918,3268 1918,3270 1918,3270 1906,3270 1905,3270 1906,3164 1906,3163 2382,3165 2384,3163 2410,3163 2411,3162 2417,3162 2418,3161 2426,3161 2427,3162 2428,3162 2429,3163 2431,3163 2432,3164 2435,3164 2436,3165 3470,3170 3470,3169 3470,3167 3471,3167 3472,3167 3473,3166 3473,3165 3474,3164 3475,3165 3501,3165 3502,3166 3505,3166 3506,3167 3684,3168 3684,3168 3684,3280 3684,3281"/>
        <TextEquiv index="0">
          <Unicode>mundus, Ertzhertzog zu Oe&#383;terreich / In&#11799;</Unicode>
        </TextEquiv>
        <TextEquiv index="1">
          <Unicode>mundus, Ertzhertzog zu Oe&#383;terreich / Jn&#11799;</Unicode>
        </TextEquiv>
      </TextLine>
      <TextLine id="l79">
        <Coords points="3679,3395 3678,3394 3671,3394 3671,3393 3671,3349 3670,3349 3622,3349 3619,3352 3617,3352 3616,3353 3612,3353 3611,3354 3609,3354 3608,3355 3606,3355 3605,3356 3602,3356 3601,3357 3600,3357 3600,3357 3600,3358 3599,3359 3591,3358 3591,3359 3591,3363 3590,3364 3590,3366 3589,3367 3589,3368 3588,3369 3588,3371 3586,3373 3586,3375 3584,3377 3584,3378 3579,3382 3577,3382 3576,3383 3575,3383 3574,3384 3568,3384 3567,3385 3559,3385 3558,3384 3554,3384 3553,3383 3551,3383 3547,3379 3547,3378 3545,3376 3545,3368 3544,3367 3457,3367 3453,3371 3452,3371 3451,3372 3445,3372 3445,3371 3445,3368 3444,3368 3404,3368 3403,3367 3402,3367 3402,3366 3402,3365 3401,3365 3400,3365 3399,3364 3340,3363 3339,3364 3337,3364 3336,3363 3283,3363 3281,3365 3280,3365 3279,3364 3278,3364 3277,3363 3196,3363 3194,3365 3193,3365 3190,3368 3189,3368 3189,3368 3188,3369 3188,3370 3187,3371 3187,3372 3186,3373 3184,3373 3183,3374 3178,3374 3178,3374 3178,3377 3177,3378 3177,3380 3175,3382 3174,3382 3173,3383 3171,3383 3170,3381 3170,3366 3169,3366 3127,3365 3125,3363 3068,3363 3065,3367 3065,3368 3064,3368 3063,3368 3057,3374 3055,3374 3054,3375 3053,3375 3052,3376 3049,3376 3048,3375 3048,3360 3047,3359 2998,3359 2997,3360 2996,3360 2995,3359 2976,3359 2975,3358 2946,3358 2945,3357 2887,3356 2886,3357 2847,3357 2847,3357 2847,3356 2845,3354 2803,3354 2803,3355 2803,3382 2801,3383 2796,3383 2796,3384 2796,3385 2795,3385 2783,3385 2782,3384 2781,3384 2780,3383 2779,3383 2779,3382 2779,3356 2778,3356 2711,3356 2710,3357 2701,3357 2700,3356 2668,3355 2667,3354 2657,3354 2656,3353 2597,3353 2595,3355 2594,3355 2591,3358 2590,3358 2588,3360 2549,3360 2547,3362 2542,3362 2542,3362 2542,3369 2541,3370 2540,3370 2540,3369 2540,3362 2539,3362 2476,3362 2475,3363 2474,3362 2438,3361 2437,3360 2436,3360 2436,3360 2436,3358 2435,3357 2433,3357 2433,3357 2433,3355 2432,3354 2384,3354 2384,3355 2384,3357 2383,3357 2380,3357 2379,3358 2352,3358 2352,3359 2352,3360 2349,3362 2329,3362 2329,3362 2329,3370 2328,3371 2328,3373 2327,3374 2327,3375 2325,3377 2323,3377 2321,3379 2316,3379 2314,3377 2311,3377 2311,3376 2311,3375 2310,3375 2308,3375 2308,3374 2308,3369 2307,3369 2306,3369 2306,3368 2306,3361 2305,3361 2296,3361 2295,3360 2247,3360 2246,3361 2246,3363 2245,3364 2245,3371 2244,3372 2244,3374 2243,3375 2242,3375 2241,3376 2191,3375 2190,3376 2188,3376 2187,3377 2186,3377 2186,3378 2186,3379 2185,3379 2180,3379 2179,3380 2178,3380 2177,3379 2171,3379 2170,3378 2141,3378 2141,3379 2141,3385 2140,3385 2102,3385 2102,3384 2102,3360 2101,3360 2066,3360 2065,3358 2065,3357 2064,3357 1996,3357 1995,3358 1989,3357 1989,3358 1989,3362 1988,3363 1988,3370 1987,3371 1987,3377 1986,3377 1983,3377 1983,3378 1983,3380 1982,3380 1981,3380 1980,3379 1980,3376 1979,3375 1932,3375 1932,3376 1932,3381 1931,3382 1931,3384 1930,3384 1905,3384 1905,3384 1905,3271 1906,3270 1918,3270 1918,3271 1918,3276 1918,3276 1966,3276 1967,3275 1968,3275 1969,3274 1970,3274 1971,3275 1977,3275 1978,3276 1981,3276 1984,3280 1984,3296 1984,3296 2028,3297 2029,3296 2034,3296 2035,3297 2068,3297 2070,3299 2132,3299 2135,3296 2184,3296 2185,3297 2185,3298 2185,3298 2218,3298 2219,3298 2219,3287 2220,3286 2220,3285 2221,3283 2241,3284 2242,3283 2242,3282 2247,3278 2249,3278 2251,3276 2256,3276 2257,3275 2258,3275 2259,3276 2262,3276 2263,3277 2308,3277 2309,3278 2312,3278 2313,3279 2313,3280 2314,3281 2314,3285 2315,3286 2315,3298 2315,3299 2359,3299 2360,3298 2377,3298 2378,3297 2380,3297 2381,3298 2433,3298 2434,3298 2434,3293 2435,3291 2436,3291 2437,3291 2437,3286 2441,3281 2442,3281 2448,3276 2450,3276 2451,3275 2454,3276 2455,3275 2459,3275 2459,3275 2459,3276 2460,3277 2460,3280 2460,3281 2487,3281 2489,3282 2489,3285 2490,3286 2490,3298 2490,3299 2505,3299 2506,3300 2553,3300 2554,3299 2554,3288 2555,3287 2555,3286 2557,3284 2557,3282 2558,3281 2560,3281 2563,3283 2563,3285 2564,3286 2564,3302 2564,3303 2618,3303 2619,3303 2619,3281 2622,3278 2639,3278 2640,3277 2641,3277 2642,3278 2649,3278 2650,3280 2650,3316 2650,3316 2688,3317 2690,3315 2690,3314 2690,3314 2694,3310 2695,3310 2697,3308 2703,3308 2704,3307 2705,3307 2706,3306 2707,3306 2708,3307 2709,3307 2710,3308 2711,3308 2712,3309 2716,3309 2718,3311 2784,3311 2787,3308 2788,3308 2790,3306 2791,3306 2793,3304 2796,3304 2797,3305 2797,3308 2797,3308 2812,3308 2813,3309 2823,3309 2824,3309 2824,3289 2824,3288 2825,3288 2826,3289 2826,3309 2826,3309 2886,3309 2887,3309 2887,3288 2888,3287 2888,3286 2889,3284 2890,3284 2891,3283 2893,3283 2894,3282 2897,3282 2900,3280 2942,3281 2942,3280 2942,3279 2943,3279 2944,3279 2945,3278 2951,3278 2952,3277 2953,3277 2955,3279 2956,3279 2958,3281 2958,3309 2958,3310 2975,3310 2976,3311 3025,3311 3026,3310 3033,3310 3034,3309 3088,3309 3089,3309 3089,3308 3091,3305 3092,3305 3093,3304 3126,3304 3127,3304 3127,3303 3127,3302 3172,3303 3173,3302 3173,3301 3174,3300 3174,3299 3175,3298 3175,3297 3176,3296 3177,3296 3178,3295 3178,3293 3180,3291 3180,3290 3183,3287 3185,3287 3187,3285 3188,3285 3189,3284 3190,3284 3192,3282 3195,3282 3197,3281 3201,3281 3201,3281 3201,3282 3208,3290 3235,3290 3236,3290 3236,3293 3236,3294 3237,3294 3238,3294 3238,3295 3238,3296 3239,3296 3241,3298 3242,3298 3243,3299 3247,3299 3249,3300 3249,3301 3249,3302 3253,3302 3254,3303 3297,3303 3298,3304 3298,3305 3298,3305 3352,3305 3354,3304 3354,3303 3356,3301 3356,3294 3360,3290 3360,3289 3361,3288 3361,3286 3361,3285 3362,3285 3369,3280 3371,3280 3371,3279 3371,3278 3372,3278 3373,3278 3374,3277 3397,3277 3398,3276 3464,3276 3465,3275 3519,3275 3520,3276 3524,3276 3524,3277 3524,3305 3524,3305 3569,3305 3574,3300 3578,3300 3579,3301 3579,3306 3579,3306 3580,3306 3582,3308 3583,3308 3585,3310 3585,3311 3585,3311 3590,3311 3592,3313 3592,3314 3593,3315 3593,3316 3594,3317 3614,3318 3615,3319 3616,3319 3618,3320 3618,3321 3619,3323 3620,3323 3621,3324 3670,3324 3671,3323 3671,3281 3672,3281 3684,3281 3684,3281 3684,3394 3683,3395"/>
        <TextEquiv index="0">
          <Unicode>&#383;pruggi&#383;cher Lini: Leopoldus, au&#223; den Marg&#11799;</Unicode>
        </TextEquiv>
        <TextEquiv index="1">
          <Unicode>&#383;pruggi&#383;cher Lini: Leopoldus, au&#223; den Marg&#11799;</Unicode>
        </TextEquiv>
      </TextLine>
      <TextLine id="l80">
        <Coords points="3672,3505 3671,3504 3671,3484 3671,3484 3606,3484 3605,3485 3604,3485 3603,3486 3600,3486 3599,3486 3599,3487 3599,3488 3595,3487 3592,3485 3592,3471 3592,3470 3531,3470 3530,3471 3524,3471 3523,3470 3397,3470 3396,3471 3395,3470 3262,3469 3261,3470 3261,3471 3260,3472 3259,3472 3256,3475 3212,3475 3211,3475 3211,3477 3208,3480 3208,3485 3207,3487 3206,3487 3205,3488 3204,3488 3203,3489 3202,3489 3201,3490 3149,3490 3148,3491 3127,3490 3126,3491 3125,3491 3124,3492 3122,3492 3120,3491 3120,3489 3119,3488 3119,3475 3119,3474 3028,3474 3026,3476 3026,3479 3025,3480 3025,3481 3024,3482 3024,3483 3023,3483 3023,3485 3022,3487 3021,3487 3019,3488 3019,3489 3018,3491 3016,3491 3015,3492 3014,3492 3013,3493 3007,3493 3006,3494 2960,3494 2959,3495 2950,3495 2948,3493 2943,3493 2942,3492 2942,3491 2941,3490 2940,3490 2938,3488 2938,3486 2937,3485 2937,3475 2937,3475 2844,3474 2842,3476 2842,3479 2841,3480 2835,3480 2833,3479 2833,3476 2833,3475 2791,3475 2788,3472 2781,3472 2780,3471 2700,3471 2699,3471 2699,3472 2697,3475 2696,3475 2695,3476 2692,3476 2691,3477 2688,3477 2687,3476 2687,3475 2687,3475 2653,3474 2652,3474 2652,3467 2652,3466 2644,3466 2643,3465 2642,3465 2641,3464 2506,3464 2504,3466 2502,3464 2417,3463 2416,3464 2369,3464 2367,3466 2367,3470 2367,3470 2366,3470 2365,3471 2362,3471 2361,3470 2300,3470 2298,3468 2215,3467 2214,3468 2211,3468 2210,3469 2209,3469 2208,3470 2206,3470 2205,3470 2205,3468 2205,3467 2161,3467 2160,3468 2160,3491 2160,3491 2133,3491 2132,3491 2132,3468 2132,3467 2120,3467 2118,3469 2118,3474 2116,3476 2116,3478 2115,3479 2115,3482 2113,3484 2113,3486 2113,3486 2090,3486 2089,3486 2089,3488 2089,3489 2088,3488 2085,3488 2082,3485 2082,3470 2082,3470 1990,3469 1989,3470 1989,3471 1987,3473 1987,3478 1986,3479 1986,3481 1981,3486 1980,3486 1979,3487 1977,3487 1976,3488 1976,3489 1976,3489 1934,3489 1933,3490 1933,3494 1933,3494 1905,3494 1904,3494 1905,3385 1905,3384 1930,3384 1931,3385 1931,3391 1933,3393 1932,3408 1933,3408 2004,3409 2006,3407 2007,3407 2008,3406 2011,3409 2083,3409 2083,3408 2083,3403 2084,3402 2084,3401 2086,3399 2086,3398 2087,3397 2087,3396 2091,3393 2091,3391 2095,3387 2096,3387 2097,3386 2099,3386 2100,3385 2142,3385 2143,3386 2145,3386 2148,3389 2147,3408 2148,3408 2248,3409 2250,3411 2271,3411 2272,3412 2339,3412 2340,3411 2396,3411 2396,3411 2396,3407 2397,3406 2397,3404 2398,3403 2398,3402 2400,3400 2400,3397 2401,3396 2401,3395 2404,3393 2404,3392 2404,3391 2406,3391 2407,3390 2408,3390 2410,3388 2418,3388 2419,3389 2425,3389 2426,3390 2431,3390 2435,3394 2434,3398 2435,3399 2435,3415 2436,3415 2468,3416 2469,3417 2549,3417 2550,3416 2592,3416 2593,3415 2594,3415 2595,3414 2596,3414 2597,3415 2660,3415 2662,3417 2663,3417 2666,3420 2667,3420 2667,3421 2667,3423 2668,3424 2668,3425 2669,3426 2669,3431 2670,3432 2670,3446 2671,3446 2739,3447 2739,3446 2739,3419 2740,3418 2740,3413 2741,3412 2741,3408 2742,3407 2742,3406 2743,3405 2743,3404 2745,3402 2745,3400 2747,3398 2747,3397 2752,3393 2753,3393 2755,3391 2756,3391 2758,3389 2798,3389 2800,3387 2805,3387 2806,3386 2808,3386 2809,3387 2810,3387 2814,3391 2814,3392 2814,3392 2840,3392 2841,3393 2843,3393 2845,3395 2846,3395 2847,3396 2848,3396 2849,3397 2850,3397 2850,3398 2850,3399 2851,3400 2851,3402 2852,3403 2852,3407 2854,3408 2915,3409 2916,3410 2916,3411 2918,3413 3014,3413 3016,3411 3017,3412 3017,3413 3018,3414 3047,3414 3048,3415 3119,3415 3120,3414 3120,3410 3121,3409 3121,3407 3125,3403 3125,3402 3129,3398 3129,3397 3131,3395 3132,3395 3133,3394 3137,3394 3138,3394 3138,3393 3139,3392 3141,3392 3142,3391 3142,3390 3142,3390 3174,3390 3176,3388 3177,3388 3178,3388 3178,3389 3180,3392 3181,3392 3183,3394 3185,3394 3187,3395 3186,3411 3187,3412 3203,3412 3205,3414 3289,3414 3289,3414 3289,3410 3292,3407 3294,3407 3295,3406 3296,3406 3296,3406 3296,3405 3299,3402 3299,3401 3300,3400 3301,3400 3303,3398 3308,3398 3310,3396 3311,3396 3312,3395 3313,3395 3314,3394 3322,3394 3323,3393 3325,3393 3326,3392 3336,3392 3337,3393 3338,3393 3339,3394 3344,3394 3345,3395 3345,3396 3345,3396 3346,3396 3347,3397 3349,3397 3350,3399 3350,3400 3352,3402 3352,3428 3353,3428 3366,3428 3368,3427 3369,3427 3373,3423 3375,3423 3376,3422 3379,3422 3380,3421 3410,3421 3412,3419 3414,3419 3415,3418 3416,3418 3417,3419 3489,3419 3489,3419 3489,3418 3491,3416 3492,3416 3493,3415 3494,3415 3496,3417 3525,3417 3526,3419 3526,3420 3527,3420 3528,3420 3529,3421 3568,3421 3569,3422 3575,3422 3576,3423 3577,3423 3578,3424 3579,3424 3580,3425 3581,3425 3582,3426 3584,3426 3586,3429 3586,3430 3588,3432 3588,3433 3590,3435 3590,3436 3591,3437 3591,3448 3592,3448 3671,3449 3671,3448 3672,3394 3672,3394 3678,3394 3679,3395 3683,3395 3684,3395 3683,3504 3683,3505"/>
        <TextEquiv index="0">
          <Unicode>graffen von Savona, Marggraff zu Caretto,</Unicode>
        </TextEquiv>
        <TextEquiv index="1">
          <Unicode>graffen von Savona, Marggraff zu Caretto,</Unicode>
        </TextEquiv>
      </TextLine>
      <TextLine id="l81">
        <Coords points="1904,3606 1904,3606 1904,3495 1905,3494 2125,3495 2126,3494 2127,3494 2128,3493 2129,3493 2130,3492 2131,3492 2132,3491 2161,3491 2162,3492 2171,3492 2172,3493 2728,3496 2730,3494 2731,3494 2732,3493 2733,3494 2733,3496 2735,3498 3229,3500 3230,3499 3231,3500 3232,3500 3234,3502 3415,3503 3416,3504 3683,3505 3683,3505 3683,3611 3682,3612 3671,3612 3671,3611 3671,3608 3670,3608 3006,3605 3005,3606 2997,3606 2996,3605 2993,3605 2991,3602 2991,3597 2990,3597 2908,3596 2907,3595 2905,3595 2905,3595 2905,3582 2904,3581 2387,3579 2387,3580 2387,3581 2386,3582 2386,3585 2385,3586 2385,3588 2384,3589 2384,3592 2382,3593 2381,3593 2379,3595 2378,3595 2377,3597 2377,3598 2375,3599 1930,3597 1930,3598 1930,3605 1928,3606"/>
        <TextEquiv index="0">
          <Unicode>und Graff zu Mile&#383;&#383;imo, Prob&#383;t zu S. An-</Unicode>
        </TextEquiv>
        <TextEquiv index="1">
          <Unicode>und Graff zu Mile&#383;&#383;imo, Prob&#383;t zu S. an-</Unicode>
        </TextEquiv>
      </TextLine>
      <TextLine id="l82">
        <Coords points="2907,3722 2906,3721 2900,3721 2899,3720 2896,3720 2894,3719 2894,3718 2894,3717 2893,3717 2890,3715 2890,3714 2889,3713 2889,3704 2889,3703 1979,3699 1978,3700 1978,3704 1978,3704 1927,3704 1926,3705 1926,3709 1925,3710 1925,3715 1925,3715 1904,3715 1903,3715 1904,3607 1904,3606 2243,3608 2244,3607 2247,3607 2248,3606 2271,3606 2272,3605 2282,3605 2283,3606 2284,3606 2285,3607 2545,3608 2546,3609 2567,3609 2568,3610 3365,3613 3366,3612 3369,3613 3371,3611 3371,3610 3371,3610 3382,3610 3383,3611 3682,3612 3683,3612 3682,3723 3682,3724 2916,3721 2915,3722 2911,3722 2910,3723"/>
        <TextEquiv index="0">
          <Unicode>drea in C&#246;lln: Albertus Sigismundus, Pfaltz&#11799;</Unicode>
        </TextEquiv>
        <TextEquiv index="1">
          <Unicode>drea in C&#246;lln: albertus Sigismundus, Pfaltz&#11799;</Unicode>
        </TextEquiv>
      </TextLine>
      <TextLine id="l83">
        <Coords points="3671,3836 3671,3835 3671,3810 3670,3810 3556,3809 3555,3810 3551,3810 3550,3809 3489,3809 3489,3810 3489,3820 3488,3820 3486,3820 3486,3821 3486,3823 3485,3823 3484,3823 3484,3823 3484,3809 3483,3808 3395,3808 3393,3810 3393,3812 3392,3813 3391,3813 3389,3811 3342,3810 3341,3809 3188,3809 3187,3810 2998,3809 2997,3810 2994,3810 2993,3811 2989,3811 2986,3814 2985,3813 2981,3813 2981,3812 2981,3811 2980,3810 2980,3809 2978,3808 2837,3807 2837,3808 2837,3809 2836,3810 2836,3811 2834,3813 2834,3817 2833,3817 2832,3817 2831,3818 2830,3818 2830,3819 2830,3820 2829,3820 2828,3820 2827,3822 2826,3823 2826,3825 2824,3826 2815,3826 2813,3824 2805,3824 2800,3819 2799,3819 2798,3818 2683,3818 2683,3818 2683,3824 2682,3825 2681,3825 2680,3826 2680,3825 2680,3824 2679,3824 2593,3823 2591,3821 2590,3821 2589,3820 2589,3819 2588,3818 2515,3818 2515,3817 2515,3805 2514,3805 2395,3804 2395,3805 2395,3821 2393,3822 2390,3822 2389,3823 2383,3823 2382,3824 2381,3824 2380,3825 2378,3825 2377,3824 2374,3824 2373,3823 2372,3823 2371,3822 2371,3821 2369,3819 2369,3805 2368,3804 2247,3804 2247,3804 2247,3805 2244,3808 2244,3809 2242,3811 2242,3812 2241,3813 2241,3815 2240,3816 2240,3817 2233,3824 2232,3824 2229,3821 2226,3821 2226,3820 2226,3806 2225,3806 2110,3805 2110,3806 2110,3812 2109,3813 2109,3816 2106,3818 2103,3818 2102,3817 1974,3816 1973,3817 1970,3817 1969,3818 1967,3818 1966,3819 1965,3819 1965,3820 1965,3822 1964,3822 1926,3822 1925,3823 1903,3823 1903,3823 1903,3716 1904,3715 1925,3715 1925,3716 1925,3738 1925,3738 2076,3739 2077,3738 2077,3734 2078,3733 2078,3732 2079,3731 2079,3730 2080,3729 2080,3728 2083,3726 2085,3726 2085,3725 2085,3724 2087,3723 2088,3723 2092,3719 2094,3719 2096,3717 2125,3717 2126,3716 2132,3716 2133,3717 2134,3717 2135,3718 2138,3718 2139,3719 2140,3719 2141,3720 2163,3720 2164,3721 2167,3721 2167,3722 2167,3738 2167,3738 2282,3739 2283,3738 2283,3736 2284,3735 2284,3733 2285,3732 2285,3730 2287,3728 2287,3727 2288,3727 2289,3727 2289,3726 2289,3725 2292,3723 2295,3723 2298,3720 2306,3720 2307,3719 2340,3719 2341,3720 2345,3720 2347,3722 2387,3722 2388,3723 2389,3723 2391,3725 2459,3726 2460,3727 2461,3727 2462,3728 2462,3733 2463,3734 2574,3734 2576,3732 2576,3731 2577,3730 2577,3729 2579,3727 2580,3727 2582,3725 2584,3725 2585,3724 2586,3724 2588,3722 2591,3722 2591,3722 2591,3721 2592,3720 2593,3720 2594,3719 2597,3719 2598,3721 2598,3733 2599,3733 2610,3733 2611,3734 2615,3734 2617,3736 2618,3736 2620,3739 2621,3739 2622,3740 2726,3741 2728,3742 2728,3748 2728,3749 2860,3749 2861,3748 2865,3748 2866,3748 2866,3735 2867,3734 2867,3733 2870,3730 2976,3731 2977,3730 2978,3730 2979,3729 2980,3729 2981,3728 2983,3728 2985,3726 2986,3726 2987,3725 2988,3725 2989,3724 2994,3724 2995,3723 2997,3723 2998,3724 2999,3724 3000,3725 3060,3725 3061,3726 3064,3726 3064,3727 3064,3744 3064,3744 3124,3744 3125,3745 3125,3746 3125,3746 3277,3747 3278,3747 3278,3740 3279,3739 3279,3738 3281,3736 3281,3735 3284,3732 3285,3732 3286,3731 3330,3731 3331,3730 3331,3729 3332,3728 3333,3728 3335,3726 3336,3726 3338,3724 3340,3724 3341,3723 3360,3723 3361,3722 3361,3721 3362,3720 3363,3720 3365,3718 3368,3719 3369,3718 3370,3718 3371,3717 3389,3717 3390,3718 3395,3718 3395,3718 3395,3721 3401,3727 3402,3727 3404,3729 3404,3730 3405,3731 3433,3731 3435,3733 3481,3733 3481,3733 3481,3737 3483,3739 3484,3739 3485,3740 3486,3740 3487,3742 3492,3742 3493,3743 3494,3743 3498,3747 3556,3747 3557,3748 3670,3749 3671,3748 3671,3724 3672,3724 3682,3724 3682,3724 3682,3835 3681,3836"/>
        <TextEquiv index="0">
          <Unicode>graff bey Rhein / Hertzog in Ober&#11799; und Nieder&#11799;</Unicode>
        </TextEquiv>
        <TextEquiv index="1">
          <Unicode>graff bey Rhein / Hertzog in Ober&#11799; und Nieder&#11799;</Unicode>
        </TextEquiv>
      </TextLine>
      <TextLine id="l84">
        <Coords points="3672,3946 3671,3945 3671,3916 3671,3916 3568,3915 3567,3916 3565,3916 3564,3917 3563,3917 3562,3918 3561,3918 3560,3917 3559,3917 3558,3916 3539,3916 3538,3915 3536,3915 3535,3914 3503,3914 3502,3913 3403,3913 3402,3914 3401,3914 3400,3915 3346,3914 3345,3915 3257,3915 3255,3917 3254,3917 3253,3918 3227,3918 3224,3921 3223,3921 3222,3920 3119,3919 3116,3922 3116,3923 3112,3927 3111,3927 3109,3929 3107,3929 3106,3930 3103,3930 3100,3928 3100,3918 3100,3917 3084,3917 3083,3917 3083,3916 3083,3915 3057,3915 3056,3916 3056,3941 3056,3941 3055,3941 3055,3916 3055,3915 3050,3915 3049,3914 2995,3914 2994,3913 2961,3913 2960,3912 2887,3911 2838,3911 2837,3912 2760,3912 2759,3913 2758,3912 2719,3912 2718,3911 2673,3910 2672,3909 2569,3909 2568,3910 2563,3910 2562,3909 2555,3909 2554,3908 2539,3908 2474,3908 2473,3909 2291,3908 2290,3908 2290,3909 2290,3910 2289,3910 2287,3912 2286,3912 2285,3913 2246,3913 2245,3913 2245,3916 2245,3917 2244,3917 2242,3915 2116,3914 2115,3915 2115,3916 2114,3917 2113,3917 2112,3918 2112,3921 2111,3922 2111,3923 2109,3925 2109,3926 2108,3927 2108,3928 2107,3929 2107,3931 2104,3934 2103,3934 2102,3935 2101,3935 2100,3936 2099,3936 2097,3934 2095,3934 2094,3933 2094,3914 2094,3914 1929,3913 1928,3914 1928,3935 1927,3936 1927,3938 1927,3938 1903,3938 1902,3938 1903,3824 1903,3823 1925,3823 1926,3824 1926,3833 1926,3833 2019,3834 2020,3833 2020,3827 2020,3827 2021,3827 2021,3839 2023,3841 2023,3842 2025,3844 2025,3845 2026,3846 2025,3852 2026,3853 2114,3853 2116,3852 2116,3851 2116,3850 2181,3850 2182,3851 2182,3852 2182,3852 2219,3852 2221,3855 2243,3855 2244,3856 2246,3856 2246,3856 2246,3857 2247,3858 2334,3858 2334,3857 2335,3848 2336,3848 2336,3845 2340,3841 2340,3840 2341,3839 2341,3838 2342,3836 2343,3836 2344,3835 2345,3835 2346,3834 2353,3834 2355,3832 2358,3832 2359,3833 2434,3833 2435,3834 2438,3834 2440,3836 2440,3844 2441,3845 2440,3857 2441,3857 2523,3858 2524,3857 2580,3857 2580,3857 2581,3840 2584,3836 2588,3836 2592,3840 2591,3861 2592,3861 2762,3862 2762,3861 2763,3839 2763,3839 2765,3839 2766,3838 2766,3836 2767,3835 2767,3834 2767,3834 2769,3834 2770,3835 2784,3835 2785,3836 2789,3836 2790,3837 2797,3837 2798,3838 2802,3838 2804,3840 2804,3842 2806,3844 2806,3845 2807,3846 2806,3863 2807,3863 2862,3863 2863,3862 2864,3862 2865,3861 2866,3862 2867,3862 2868,3863 2961,3864 2961,3863 2961,3860 2962,3859 2963,3849 2965,3847 2966,3847 2967,3846 2967,3845 2972,3840 2972,3839 2972,3839 2973,3839 2974,3838 2975,3838 2976,3837 2979,3837 2980,3836 2988,3836 2989,3837 2990,3837 2992,3839 2995,3839 2997,3840 2997,3842 2998,3843 2998,3844 2999,3845 2999,3847 3000,3848 2999,3862 3000,3863 3140,3864 3140,3863 3140,3862 3142,3861 3143,3861 3145,3858 3145,3857 3146,3857 3235,3857 3235,3856 3236,3850 3238,3848 3238,3847 3240,3845 3240,3844 3242,3842 3243,3842 3244,3841 3316,3841 3319,3838 3329,3838 3330,3837 3331,3837 3332,3836 3336,3836 3337,3837 3347,3837 3348,3838 3350,3838 3351,3839 3352,3839 3353,3840 3355,3840 3356,3841 3359,3841 3363,3845 3363,3853 3364,3854 3363,3861 3364,3861 3392,3862 3393,3863 3423,3863 3424,3864 3500,3864 3500,3864 3501,3843 3502,3841 3503,3841 3504,3840 3505,3840 3506,3839 3507,3839 3508,3838 3509,3838 3510,3837 3511,3837 3512,3836 3513,3836 3514,3837 3516,3839 3516,3840 3518,3842 3517,3863 3518,3863 3670,3864 3670,3863 3671,3836 3671,3836 3681,3836 3682,3836 3681,3945 3681,3946"/>
        <TextEquiv index="0">
          <Unicode>Bayern: Salentinus Erne&#383;tus, und Carolus</Unicode>
        </TextEquiv>
        <TextEquiv index="1">
          <Unicode>Bayern: Salentinus Erne&#383;tus, und Carolus</Unicode>
        </TextEquiv>
      </TextLine>
      <TextLine id="l85">
        <Coords points="3671,4060 3671,4059 3671,4053 3670,4053 3473,4052 3472,4051 2840,4048 2840,4048 2840,4047 2839,4046 1928,4042 1928,4043 1928,4049 1927,4049 1902,4049 1902,4049 1902,3939 1903,3938 2347,3940 2348,3939 2349,3939 2351,3937 2352,3937 2353,3936 2354,3936 2355,3935 2358,3935 2359,3934 2364,3934 2365,3933 2865,3935 2866,3934 2868,3934 2868,3935 2868,3936 2873,3940 2875,3940 2876,3941 2878,3941 2879,3942 3681,3946 3681,3946 3681,4059 3680,4060"/>
        <TextEquiv index="0">
          <Unicode>Erne&#383;tus, Graffen von Mander&#383;cheid / Her&#11799;</Unicode>
        </TextEquiv>
        <TextEquiv index="1">
          <Unicode>Erne&#383;tus, Graffen von Mander&#383;cheid / Her&#11799;</Unicode>
        </TextEquiv>
      </TextLine>
      <TextLine id="l86">
        <Coords points="2108,4165 2108,4163 2108,4162 1902,4161 1901,4161 1902,4050 1902,4049 2227,4051 2228,4050 2696,4052 2697,4051 2698,4051 2699,4050 2700,4050 2701,4049 2713,4049 2714,4050 2722,4050 2723,4051 3190,4053 3191,4054 3194,4054 3195,4055 3199,4055 3200,4056 3202,4056 3203,4057 3416,4058 3417,4059 3680,4060 3681,4060 3680,4168 3680,4169 3672,4169 3671,4168 2241,4162 2240,4163 2225,4163 2224,4164 2110,4163 2109,4164 2109,4165 2109,4165"/>
        <TextEquiv index="0">
          <Unicode>ren zu Jonckeradt / Daun / und Erp: Caro-</Unicode>
        </TextEquiv>
        <TextEquiv index="1">
          <Unicode>ren zu Jonckeradt / Daun / und Erp: Caro-</Unicode>
        </TextEquiv>
      </TextLine>
      <TextLine id="l87">
        <Coords points="3671,4284 3671,4283 3671,4278 3670,4278 3576,4277 3575,4276 3574,4276 3573,4275 2671,4271 2669,4273 2224,4272 2223,4273 2222,4273 2221,4274 2207,4273 2206,4274 2201,4274 2199,4272 1901,4271 1901,4271 1901,4162 1902,4161 1953,4161 1954,4160 2543,4163 2544,4164 2547,4164 2548,4165 2549,4165 2550,4166 2611,4166 2612,4167 3371,4171 3372,4170 3671,4171 3671,4170 3671,4169 3672,4169 3680,4169 3680,4169 3680,4283 3679,4284"/>
        <TextEquiv index="0">
          <Unicode>lus Eugenius, F&#252;r&#383;t zu Arenberg / Hertzog</Unicode>
        </TextEquiv>
        <TextEquiv index="1">
          <Unicode>lus Eugenius, F&#252;r&#383;t zu Arenberg / Hertzog</Unicode>
        </TextEquiv>
      </TextLine>
      <TextLine id="l88">
        <Coords points="3672,4393 3671,4392 3672,4310 3671,4309 3671,4308 3670,4308 3615,4308 3615,4308 3614,4353 3613,4354 3613,4356 3613,4357 3612,4357 3610,4359 3608,4359 3607,4360 3606,4360 3605,4360 3605,4361 3601,4365 3601,4366 3601,4367 3599,4367 3598,4368 3555,4367 3554,4368 3554,4371 3553,4372 3553,4375 3553,4375 3551,4375 3550,4376 3550,4377 3550,4377 3549,4377 3547,4379 3545,4379 3544,4380 3543,4380 3542,4381 3538,4381 3537,4380 3536,4380 3535,4379 3480,4379 3479,4379 3479,4380 3479,4381 3473,4381 3470,4378 3470,4377 3469,4376 3469,4366 3468,4365 3468,4362 3468,4362 3413,4362 3412,4363 3365,4362 3364,4363 3364,4364 3364,4364 3363,4364 3362,4365 3362,4366 3361,4367 3360,4367 3357,4370 3357,4371 3356,4372 3356,4373 3355,4374 3353,4374 3352,4375 3351,4375 3347,4379 3341,4379 3340,4380 3337,4380 3336,4381 3333,4381 3332,4380 3330,4380 3329,4379 3328,4379 3327,4378 3323,4378 3322,4378 3322,4377 3321,4376 3321,4375 3320,4374 3320,4373 3318,4371 3318,4370 3315,4367 3315,4366 3315,4365 3242,4365 3241,4365 3241,4368 3241,4369 3235,4369 3234,4369 3234,4373 3234,4374 3233,4374 3232,4374 3231,4375 3231,4376 3231,4377 3226,4377 3225,4378 3224,4378 3223,4379 3221,4379 3220,4378 3220,4371 3219,4370 3219,4365 3219,4365 3208,4365 3207,4364 3128,4363 3126,4365 3101,4365 3100,4366 3057,4366 3056,4365 3039,4365 3038,4365 3038,4364 3037,4363 3037,4362 3037,4361 2982,4361 2979,4363 2979,4364 2979,4365 2978,4365 2977,4366 2948,4366 2947,4365 2947,4363 2946,4362 2891,4361 2890,4362 2890,4363 2889,4364 2889,4366 2889,4366 2888,4366 2885,4369 2882,4369 2881,4368 2762,4368 2760,4370 2708,4370 2707,4370 2707,4378 2706,4379 2706,4380 2706,4381 2703,4381 2702,4380 2702,4379 2702,4379 2701,4378 2700,4378 2697,4375 2697,4362 2697,4362 2631,4361 2628,4364 2628,4365 2628,4365 2625,4365 2623,4367 2622,4367 2621,4368 2621,4369 2619,4371 2618,4371 2617,4372 2611,4372 2610,4373 2610,4374 2609,4375 2609,4381 2609,4381 2608,4381 2607,4382 2605,4382 2604,4383 2603,4382 2602,4382 2601,4382 2601,4361 2601,4360 2542,4360 2541,4359 2539,4359 2538,4358 2535,4358 2534,4357 2533,4357 2532,4356 2531,4356 2527,4352 2528,4301 2526,4300 2471,4300 2471,4300 2471,4302 2469,4304 2469,4305 2468,4306 2468,4307 2467,4308 2467,4310 2466,4311 2465,4312 2464,4313 2464,4316 2463,4317 2463,4319 2461,4321 2461,4325 2460,4326 2460,4327 2459,4328 2459,4329 2458,4330 2458,4331 2456,4333 2456,4335 2455,4336 2455,4339 2453,4341 2453,4344 2451,4346 2451,4350 2450,4351 2450,4352 2449,4353 2449,4355 2448,4356 2448,4358 2447,4359 2447,4360 2446,4361 2446,4363 2444,4365 2444,4366 2443,4367 2441,4367 2439,4366 2439,4365 2438,4364 2438,4362 2438,4361 2351,4361 2350,4362 2348,4362 2346,4364 2321,4364 2320,4364 2320,4374 2320,4375 2317,4375 2316,4375 2316,4376 2315,4377 2315,4378 2314,4380 2311,4380 2309,4378 2305,4378 2304,4377 2302,4377 2301,4376 2301,4375 2300,4374 2300,4365 2300,4365 2239,4365 2238,4365 2238,4369 2237,4370 2237,4375 2236,4377 2234,4377 2233,4378 2232,4378 2231,4379 2227,4375 2227,4369 2226,4368 2226,4360 2226,4360 2170,4359 2168,4361 2164,4361 2163,4361 2163,4360 2163,4359 2136,4359 2135,4358 2134,4358 2133,4357 2077,4357 2075,4359 2074,4359 2073,4360 2070,4360 2069,4359 2008,4359 2007,4360 2006,4359 2005,4359 2004,4358 1928,4357 1927,4358 1927,4371 1927,4371 1901,4371 1900,4371 1901,4272 1901,4271 1924,4271 1925,4272 1925,4295 1925,4295 1954,4295 1955,4296 1975,4296 1976,4297 1977,4297 1978,4298 2040,4299 2041,4298 2042,4298 2044,4296 2045,4296 2046,4295 2072,4295 2076,4298 2076,4299 2077,4300 2077,4301 2081,4305 2081,4308 2082,4309 2081,4323 2082,4324 2106,4324 2106,4324 2107,4288 2108,4287 2108,4285 2109,4284 2109,4283 2110,4281 2111,4281 2113,4279 2114,4279 2114,4278 2115,4276 2116,4276 2117,4275 2118,4275 2120,4273 2123,4273 2124,4272 2143,4272 2144,4273 2146,4273 2147,4274 2172,4274 2174,4276 2175,4276 2176,4277 2176,4295 2176,4295 2226,4296 2227,4295 2227,4294 2228,4293 2228,4292 2230,4290 2230,4288 2233,4285 2233,4284 2234,4283 2237,4283 2240,4280 2242,4280 2243,4279 2245,4279 2246,4278 2247,4278 2248,4279 2254,4279 2256,4281 2301,4281 2303,4283 2304,4283 2306,4284 2306,4302 2306,4303 2385,4303 2386,4302 2387,4302 2389,4301 2389,4300 2390,4298 2392,4298 2395,4295 2398,4295 2399,4296 2400,4296 2402,4298 2401,4313 2402,4313 2457,4314 2457,4313 2458,4309 2459,4308 2459,4306 2460,4305 2460,4303 2461,4302 2461,4300 2462,4299 2462,4298 2463,4297 2463,4296 2464,4295 2464,4294 2465,4293 2465,4292 2467,4290 2469,4290 2471,4291 2471,4292 2471,4293 2527,4293 2529,4291 2530,4291 2531,4290 2534,4290 2535,4291 2538,4291 2542,4294 2542,4295 2542,4296 2548,4296 2549,4297 2607,4297 2608,4297 2608,4296 2609,4295 2609,4293 2611,4290 2612,4290 2613,4290 2613,4288 2613,4287 2615,4285 2616,4285 2619,4282 2620,4282 2622,4280 2624,4280 2626,4278 2629,4278 2630,4279 2630,4280 2631,4281 2633,4281 2636,4284 2700,4285 2703,4282 2705,4283 2705,4284 2705,4285 2708,4285 2711,4287 2711,4290 2711,4291 2720,4291 2722,4293 2724,4293 2725,4294 2726,4294 2727,4295 2728,4295 2729,4296 2730,4296 2731,4296 2731,4298 2731,4299 2786,4299 2787,4298 2787,4297 2790,4294 2790,4292 2796,4286 2799,4286 2800,4286 2800,4285 2801,4283 2805,4283 2806,4282 2811,4282 2812,4281 2817,4281 2818,4282 2849,4282 2851,4284 2851,4285 2851,4285 2907,4286 2909,4288 2910,4288 2911,4288 2911,4289 2911,4290 2912,4290 2913,4290 2913,4302 2913,4303 2953,4303 2955,4305 2975,4305 2976,4306 3031,4306 3032,4306 3032,4303 3033,4302 3033,4298 3034,4297 3034,4295 3041,4287 3042,4287 3045,4284 3047,4284 3048,4283 3050,4283 3051,4282 3056,4282 3057,4281 3060,4281 3061,4280 3062,4281 3064,4281 3065,4282 3093,4282 3095,4284 3097,4284 3099,4286 3099,4287 3099,4287 3100,4287 3102,4289 3103,4289 3106,4292 3106,4293 3106,4293 3162,4294 3164,4292 3164,4290 3167,4287 3211,4287 3212,4286 3213,4286 3215,4284 3216,4284 3218,4282 3224,4282 3225,4283 3229,4283 3230,4283 3230,4284 3231,4285 3231,4286 3232,4287 3232,4299 3232,4300 3313,4300 3314,4300 3314,4297 3315,4296 3315,4290 3315,4289 3316,4289 3317,4288 3318,4288 3321,4285 3322,4285 3323,4284 3324,4284 3325,4283 3326,4283 3328,4282 3328,4281 3328,4280 3330,4280 3331,4279 3333,4279 3334,4278 3335,4278 3336,4277 3414,4278 3416,4279 3416,4280 3417,4281 3417,4282 3418,4283 3418,4290 3418,4291 3419,4291 3420,4292 3421,4292 3421,4293 3421,4294 3476,4294 3481,4290 3481,4289 3483,4286 3485,4286 3486,4285 3487,4285 3489,4283 3490,4283 3491,4282 3495,4282 3496,4281 3498,4281 3499,4280 3500,4281 3501,4281 3503,4283 3505,4283 3506,4284 3510,4284 3515,4289 3515,4299 3515,4299 3547,4299 3548,4300 3548,4301 3548,4301 3601,4302 3603,4303 3603,4304 3603,4305 3613,4305 3614,4304 3614,4290 3614,4290 3615,4290 3615,4304 3615,4305 3658,4305 3659,4304 3659,4299 3659,4299 3663,4299 3664,4298 3664,4297 3664,4297 3670,4297 3671,4296 3671,4284 3671,4284 3679,4284 3680,4284 3679,4392 3679,4393"/>
        <TextEquiv index="0">
          <Unicode>von Ar&#383;chot / de&#223; H. R&#246;m. Reichs F&#252;r&#383;t zu</Unicode>
        </TextEquiv>
        <TextEquiv index="1">
          <Unicode>von Ar&#383;chot / de&#223; H. R&#246;m. Reichs F&#252;r&#383;t zu</Unicode>
        </TextEquiv>
      </TextLine>
      <TextLine id="l89">
        <Coords points="3671,4503 3671,4502 3671,4452 3670,4452 3594,4452 3593,4452 3580,4452 3580,4453 3580,4460 3579,4461 3579,4466 3578,4466 3576,4466 3574,4468 3573,4468 3571,4470 3568,4470 3567,4471 3563,4471 3562,4472 3558,4472 3557,4471 3521,4471 3520,4470 3464,4470 3463,4469 3398,4469 3397,4468 3321,4467 3320,4468 3318,4468 3317,4469 3315,4469 3314,4470 3309,4470 3308,4469 3305,4469 3304,4468 3174,4468 3174,4468 3174,4470 3172,4472 3172,4473 3170,4475 3169,4475 3168,4476 3167,4476 3163,4480 3161,4480 3159,4482 3157,4482 3156,4483 3135,4482 3135,4483 3135,4494 3133,4496 3133,4497 3131,4498 3121,4498 3120,4499 3119,4499 3117,4497 3115,4497 3114,4496 3114,4485 3113,4484 3101,4484 3101,4484 3101,4469 3100,4468 3016,4468 3015,4469 2962,4469 2961,4470 2893,4469 2890,4472 2881,4472 2880,4471 2791,4471 2790,4472 2790,4473 2787,4476 2786,4476 2785,4477 2753,4477 2752,4478 2751,4478 2750,4477 2728,4477 2727,4476 2649,4475 2648,4476 2647,4476 2644,4479 2642,4479 2641,4478 2641,4476 2640,4475 2639,4475 2639,4475 2639,4468 2638,4467 2542,4467 2541,4468 2498,4468 2497,4467 2496,4467 2495,4466 2414,4465 2413,4467 2413,4468 2412,4469 2412,4472 2411,4473 2411,4474 2409,4476 2409,4478 2407,4479 2406,4479 2406,4479 2406,4468 2405,4467 2400,4467 2399,4466 2302,4466 2301,4467 2301,4468 2299,4470 2297,4470 2293,4474 2292,4474 2290,4476 2257,4476 2257,4476 2257,4477 2256,4478 2256,4479 2255,4480 2255,4482 2254,4483 2254,4484 2253,4485 2253,4487 2252,4488 2252,4490 2248,4494 2245,4494 2244,4493 2243,4493 2240,4489 2240,4467 2239,4467 2197,4466 2196,4465 2175,4465 2174,4464 1994,4464 1993,4465 1928,4464 1928,4465 1928,4485 1927,4486 1927,4495 1926,4495 1900,4495 1900,4495 1900,4372 1901,4371 1927,4371 1927,4372 1927,4374 1928,4375 1928,4384 1929,4384 2031,4385 2032,4384 2034,4384 2035,4385 2038,4385 2040,4387 2040,4388 2041,4389 2093,4389 2094,4390 2095,4390 2096,4391 2096,4412 2097,4413 2123,4413 2124,4414 2138,4414 2139,4415 2167,4415 2168,4416 2172,4416 2173,4417 2328,4418 2328,4417 2328,4396 2329,4396 2330,4396 2330,4395 2330,4394 2333,4392 2340,4392 2341,4391 2343,4391 2344,4392 2355,4392 2356,4393 2359,4393 2361,4395 2364,4395 2367,4398 2368,4398 2369,4399 2371,4399 2371,4400 2371,4402 2372,4402 2373,4402 2373,4403 2373,4404 2374,4405 2374,4406 2375,4407 2375,4417 2376,4417 2450,4418 2451,4417 2465,4417 2466,4416 2523,4416 2523,4415 2523,4396 2526,4394 2527,4394 2528,4393 2531,4393 2534,4396 2534,4416 2535,4417 2675,4417 2677,4415 2730,4416 2731,4415 2768,4415 2769,4413 2769,4411 2770,4410 2770,4409 2771,4408 2771,4406 2775,4403 2830,4403 2830,4403 2830,4400 2831,4399 2832,4399 2834,4397 2843,4397 2844,4396 2845,4396 2846,4395 2847,4395 2848,4396 2855,4396 2856,4397 2863,4397 2864,4398 2867,4398 2868,4399 2869,4399 2870,4401 2870,4402 2872,4403 2874,4403 2874,4404 2874,4405 2875,4406 2875,4410 2877,4412 2877,4416 2878,4417 2878,4421 2879,4421 2949,4422 2949,4421 2949,4399 2950,4398 2950,4397 2954,4394 2958,4394 2959,4393 2960,4394 2962,4394 2962,4394 2962,4395 2963,4396 2963,4420 2964,4421 3063,4421 3064,4420 3130,4420 3131,4421 3132,4421 3133,4423 3133,4424 3134,4425 3134,4447 3134,4447 3209,4448 3210,4447 3210,4442 3211,4441 3211,4438 3212,4437 3212,4436 3213,4435 3214,4435 3216,4433 3217,4433 3218,4432 3218,4413 3219,4412 3219,4410 3220,4409 3220,4408 3221,4407 3221,4406 3223,4404 3223,4398 3224,4398 3238,4398 3238,4397 3238,4396 3239,4396 3241,4396 3241,4396 3241,4402 3242,4403 3244,4403 3247,4406 3247,4407 3248,4408 3248,4413 3249,4414 3283,4414 3285,4417 3285,4418 3286,4418 3369,4419 3369,4418 3369,4394 3373,4391 3379,4391 3380,4390 3418,4390 3419,4391 3420,4391 3421,4392 3421,4397 3422,4398 3514,4398 3514,4398 3514,4393 3515,4392 3515,4389 3516,4388 3525,4388 3526,4389 3528,4389 3528,4390 3528,4391 3529,4392 3529,4419 3530,4419 3568,4419 3569,4420 3570,4420 3571,4421 3572,4421 3573,4422 3574,4422 3575,4423 3578,4423 3581,4427 3581,4428 3581,4428 3583,4428 3584,4429 3584,4437 3584,4437 3670,4438 3671,4437 3671,4393 3672,4393 3679,4393 3679,4393 3679,4502 3678,4503"/>
        <TextEquiv index="0">
          <Unicode>Chimay, Porcian, und Rebecq, &amp;c. Fride-</Unicode>
        </TextEquiv>
        <TextEquiv index="1">
          <Unicode>Chimay, Porcian, und Rebecq, &amp;c. Fride-</Unicode>
        </TextEquiv>
      </TextLine>
      <TextLine id="l90">
        <Coords points="1900,4607 1899,4607 1900,4496 1900,4495 1926,4495 1927,4496 1927,4501 1927,4501 1989,4501 1991,4503 1991,4504 1992,4505 1992,4523 1992,4524 2120,4524 2121,4523 2139,4523 2140,4523 2140,4501 2142,4498 2146,4498 2147,4499 2156,4499 2157,4500 2309,4501 2310,4500 2317,4500 2318,4501 2413,4501 2414,4502 2415,4502 2416,4503 2417,4503 2418,4504 2418,4526 2418,4526 2455,4527 2456,4528 2486,4528 2487,4529 2490,4529 2491,4530 2614,4530 2615,4530 2615,4507 2615,4506 2618,4506 2619,4505 2620,4505 2621,4504 2633,4504 2634,4503 2636,4503 2637,4502 2638,4502 2639,4503 2641,4503 2642,4504 2646,4504 2647,4505 2652,4505 2656,4509 2656,4515 2657,4516 2657,4530 2657,4530 2806,4531 2808,4530 2808,4529 2809,4528 2809,4524 2810,4523 2810,4522 2811,4521 2811,4519 2812,4517 2813,4517 2814,4517 2814,4516 2815,4514 2816,4514 2817,4514 2817,4513 2818,4512 2818,4511 2818,4510 2819,4510 2820,4509 2821,4509 2822,4508 2825,4508 2827,4506 2829,4506 2830,4506 2830,4504 2830,4503 2831,4504 2831,4505 2831,4505 2832,4505 2833,4506 2835,4506 2838,4509 2839,4509 2842,4512 2842,4513 2843,4514 2843,4530 2843,4530 2972,4531 2974,4529 2974,4527 2976,4525 2976,4521 2977,4520 2977,4518 2978,4517 2978,4515 2979,4514 2979,4513 2980,4512 2980,4511 2983,4508 2984,4508 2992,4500 2993,4500 2994,4499 2997,4499 2998,4498 3000,4498 3002,4496 3006,4496 3007,4495 3029,4495 3031,4497 3031,4500 3031,4500 3045,4500 3047,4502 3047,4503 3051,4507 3051,4508 3052,4509 3160,4510 3164,4506 3165,4506 3166,4505 3167,4505 3168,4504 3169,4504 3170,4503 3171,4503 3174,4500 3198,4500 3200,4498 3206,4498 3207,4497 3208,4497 3209,4498 3214,4498 3216,4500 3217,4500 3218,4500 3218,4501 3219,4502 3219,4503 3220,4504 3220,4521 3220,4522 3334,4522 3335,4522 3335,4520 3336,4518 3337,4518 3338,4517 3339,4517 3340,4516 3341,4516 3342,4515 3344,4515 3345,4514 3346,4514 3348,4513 3348,4512 3348,4511 3351,4511 3353,4509 3357,4509 3358,4509 3358,4507 3360,4504 3363,4504 3366,4502 3368,4502 3370,4500 3370,4499 3370,4499 3376,4499 3378,4500 3378,4501 3379,4502 3379,4507 3380,4508 3380,4509 3381,4510 3381,4511 3381,4512 3382,4512 3383,4513 3384,4513 3386,4514 3386,4515 3387,4517 3391,4517 3392,4518 3393,4518 3394,4519 3519,4519 3520,4519 3520,4518 3521,4517 3521,4512 3522,4511 3522,4510 3523,4508 3527,4508 3528,4509 3529,4509 3530,4510 3530,4525 3530,4525 3670,4526 3671,4525 3671,4503 3671,4503 3678,4503 3679,4503 3678,4613 3678,4614 3672,4614 3671,4613 3626,4613 3625,4612 3625,4594 3625,4594 3566,4593 3564,4592 3564,4591 3564,4590 3514,4590 3513,4589 3375,4589 3374,4590 3373,4590 3372,4591 3370,4591 3369,4592 3368,4592 3367,4593 3365,4593 3364,4591 3363,4591 3359,4587 3297,4587 3296,4588 3296,4611 3296,4611 3289,4611 3288,4611 3288,4588 3288,4587 3250,4587 3248,4588 3248,4592 3248,4593 3247,4593 3246,4593 3246,4598 3246,4599 3243,4599 3241,4601 3239,4601 3238,4601 3238,4602 3236,4605 3158,4605 3157,4604 3157,4603 3155,4601 3155,4586 3155,4586 3041,4585 3040,4586 3039,4586 3038,4587 3037,4587 3036,4588 3035,4588 3034,4589 3033,4589 3032,4590 3030,4590 3028,4592 3017,4592 3016,4591 3010,4591 3009,4590 3007,4590 3006,4589 2948,4589 2947,4588 2945,4588 2943,4586 2943,4585 2943,4585 2841,4584 2840,4583 2769,4583 2768,4582 2680,4582 2679,4581 2410,4579 2409,4580 2407,4579 2407,4578 2407,4577 2380,4577 2379,4578 2377,4578 2376,4577 2266,4577 2265,4578 2206,4577 2203,4580 2182,4580 2180,4582 2180,4583 2180,4583 2179,4583 2178,4584 2175,4582 2175,4579 2175,4578 2064,4578 2063,4577 2062,4577 2061,4576 1928,4575 1927,4576 1927,4607 1927,4607"/>
        <TextEquiv index="0">
          <Unicode>ricus Wilhelmus Erne&#383;tus, Graff zu Oettin&#11799;</Unicode>
        </TextEquiv>
        <TextEquiv index="1">
          <Unicode>ricus Wilhelmus Erne&#383;tus, Graff zu Oettin&#11799;</Unicode>
        </TextEquiv>
      </TextLine>
      <TextLine id="l91">
        <Coords points="1899,4723 1899,4723 1899,4608 1900,4607 1927,4607 1927,4608 1927,4630 1928,4630 2019,4631 2020,4632 2103,4632 2103,4631 2103,4629 2105,4628 2105,4627 2106,4626 2106,4625 2108,4623 2110,4623 2110,4624 2110,4625 2111,4626 2111,4632 2112,4632 2215,4632 2215,4632 2215,4629 2216,4628 2216,4627 2218,4625 2218,4624 2219,4624 2220,4624 2223,4621 2224,4621 2224,4620 2224,4619 2225,4619 2294,4619 2299,4614 2300,4614 2304,4610 2311,4610 2312,4611 2313,4611 2313,4611 2313,4622 2314,4623 2331,4623 2338,4630 2397,4630 2399,4632 2484,4633 2485,4634 2485,4635 2486,4636 2572,4636 2572,4636 2572,4633 2573,4632 2573,4627 2574,4626 2574,4625 2575,4624 2575,4623 2577,4621 2578,4621 2581,4618 2584,4618 2585,4617 2586,4617 2587,4616 2589,4616 2590,4615 2593,4615 2594,4614 2623,4614 2624,4613 2625,4613 2626,4612 2627,4612 2628,4613 2671,4613 2672,4614 2675,4614 2677,4616 2679,4617 2679,4617 2679,4618 2681,4620 2780,4620 2781,4619 2782,4619 2784,4617 2785,4617 2785,4617 2785,4620 2786,4621 2786,4635 2787,4636 2865,4636 2865,4636 2865,4633 2866,4632 2866,4631 2868,4629 2870,4629 2870,4629 2870,4628 2873,4625 2874,4625 2878,4621 2879,4621 2882,4618 2883,4618 2884,4617 2885,4617 2886,4616 2887,4616 2888,4615 2891,4615 2892,4614 2893,4615 2968,4616 2970,4618 2970,4634 2971,4635 3011,4635 3012,4636 3012,4637 3013,4638 3098,4638 3098,4638 3098,4616 3099,4615 3101,4613 3123,4613 3124,4612 3125,4613 3141,4614 3141,4614 3141,4638 3142,4639 3173,4639 3175,4641 3285,4641 3285,4641 3285,4618 3289,4614 3291,4614 3292,4613 3293,4613 3294,4612 3298,4612 3299,4613 3300,4613 3300,4614 3300,4615 3301,4616 3301,4618 3302,4619 3302,4642 3303,4642 3443,4643 3443,4642 3443,4620 3445,4619 3446,4619 3448,4617 3449,4617 3450,4616 3462,4616 3463,4615 3512,4615 3513,4616 3515,4616 3515,4617 3515,4618 3516,4619 3516,4621 3517,4621 3569,4621 3570,4622 3571,4622 3573,4625 3573,4659 3573,4659 3624,4660 3625,4659 3625,4613 3626,4613 3629,4613 3630,4614 3678,4614 3678,4614 3678,4724 3677,4725 3671,4725 3671,4724 3671,4678 3670,4678 3581,4677 3581,4678 3581,4692 3578,4694 3501,4694 3500,4695 3462,4695 3462,4695 3462,4709 3461,4710 3461,4709 3461,4693 3460,4693 3445,4693 3444,4692 3359,4691 3358,4692 3265,4692 3264,4693 3255,4693 3254,4694 3170,4694 3170,4694 3170,4713 3169,4714 3119,4713 3117,4715 3115,4715 3114,4716 3112,4716 3111,4717 3109,4717 3108,4718 3105,4718 3104,4719 3102,4719 3101,4718 3099,4718 3098,4717 3097,4717 3095,4715 3095,4714 3094,4713 3094,4696 3093,4695 3010,4695 3009,4696 3009,4697 3008,4698 3006,4698 3005,4697 2913,4697 2913,4697 2913,4720 2912,4721 2909,4721 2909,4720 2909,4697 2908,4697 2898,4696 2896,4698 2873,4698 2873,4699 2873,4702 2872,4703 2872,4713 2871,4714 2871,4716 2868,4718 2863,4718 2860,4715 2812,4715 2812,4715 2812,4699 2811,4698 2665,4697 2665,4698 2665,4699 2664,4699 2663,4699 2662,4700 2610,4700 2609,4699 2607,4699 2606,4698 2605,4698 2604,4697 2493,4697 2493,4697 2493,4698 2492,4699 2492,4702 2490,4704 2490,4705 2482,4713 2481,4713 2480,4714 2475,4714 2472,4710 2472,4709 2471,4708 2471,4706 2470,4705 2470,4703 2469,4702 2469,4695 2468,4695 2364,4694 2363,4695 2327,4695 2326,4696 2325,4696 2324,4697 2324,4698 2323,4699 2313,4699 2313,4699 2313,4708 2312,4709 2312,4710 2311,4711 2309,4711 2308,4710 2307,4710 2302,4704 2302,4694 2301,4694 2254,4694 2254,4694 2254,4711 2253,4712 2253,4711 2253,4694 2252,4694 2202,4693 2200,4696 2200,4697 2199,4697 2197,4697 2196,4696 2083,4696 2083,4696 2083,4698 2081,4700 2080,4700 2079,4701 2077,4701 2077,4700 2077,4699 2075,4698 1986,4697 1986,4698 1986,4700 1985,4701 1985,4702 1984,4703 1984,4704 1980,4707 1979,4707 1979,4708 1979,4709 1976,4711 1974,4711 1973,4712 1972,4712 1971,4713 1970,4713 1969,4714 1927,4714 1927,4715 1927,4720 1926,4721 1926,4723 1925,4723"/>
        <TextEquiv index="0">
          <Unicode>gen / und Herr zu Waller&#383;tein: Jacobus Phi-</Unicode>
        </TextEquiv>
        <TextEquiv index="1">
          <Unicode>gen / und Herr zu Waller&#383;tein: Jacobus Phi-</Unicode>
        </TextEquiv>
      </TextLine>
      <TextLine id="l92">
        <Coords points="3675,4839 3674,4838 2007,4831 2006,4830 2005,4830 2004,4829 1899,4828 1898,4828 1899,4724 1899,4723 2236,4725 2241,4720 2241,4717 2242,4716 2242,4713 2242,4713 2261,4713 2262,4712 2263,4712 2264,4712 2264,4713 2264,4714 2272,4714 2273,4715 2276,4715 2278,4717 2287,4717 2288,4718 2913,4721 2914,4722 3677,4725 3678,4725 3677,4838 3677,4839"/>
        <TextEquiv index="0">
          <Unicode>lippus, Graff von Horn / Herlies / und Haud&#11799;</Unicode>
        </TextEquiv>
        <TextEquiv index="1">
          <Unicode>lippus, Graff von Horn / Herlies / und Haud&#11799;</Unicode>
        </TextEquiv>
      </TextLine>
      <TextLine id="l93">
        <Coords points="3671,4954 3671,4953 3671,4924 3670,4924 3604,4924 3604,4924 3604,4926 3603,4927 3603,4928 3601,4930 3553,4929 3553,4930 3553,4935 3552,4935 3550,4935 3549,4937 3549,4939 3548,4939 3547,4939 3547,4940 3547,4942 3544,4944 3536,4944 3535,4943 3534,4943 3533,4942 3533,4941 3532,4940 3532,4938 3531,4937 3531,4931 3530,4930 3530,4928 3529,4927 3487,4927 3487,4927 3487,4925 3485,4923 3392,4923 3391,4924 3389,4924 3386,4927 3385,4927 3383,4929 3382,4929 3381,4930 3373,4930 3373,4930 3373,4939 3371,4941 3369,4941 3368,4942 3366,4942 3365,4941 3364,4941 3362,4938 3362,4937 3360,4935 3360,4934 3359,4933 3359,4923 3358,4922 3279,4922 3278,4923 3251,4923 3249,4925 3248,4925 3247,4926 3246,4925 3197,4925 3196,4924 3171,4924 3170,4923 3168,4923 3167,4921 3167,4916 3166,4916 3163,4916 3162,4915 3094,4914 3094,4915 3094,4917 3092,4919 3092,4921 3091,4922 3091,4923 3090,4924 3090,4925 3087,4927 3084,4927 3083,4928 3082,4928 3081,4927 3081,4926 3080,4925 3080,4923 3079,4922 3019,4922 3018,4921 2958,4921 2956,4919 2877,4918 2877,4919 2877,4920 2876,4920 2871,4920 2870,4921 2822,4921 2822,4922 2822,4924 2821,4924 2820,4924 2817,4927 2816,4927 2813,4930 2809,4930 2806,4933 2804,4933 2803,4934 2801,4934 2800,4935 2789,4935 2788,4936 2787,4935 2786,4935 2785,4934 2780,4934 2780,4933 2779,4932 2779,4931 2778,4930 2778,4929 2776,4927 2776,4925 2775,4924 2775,4922 2772,4920 2743,4920 2743,4919 2743,4918 2742,4918 2588,4917 2588,4918 2588,4925 2587,4925 2584,4925 2584,4926 2584,4936 2583,4937 2583,4939 2582,4939 2578,4939 2578,4939 2578,4938 2577,4937 2575,4937 2574,4936 2555,4936 2554,4935 2553,4935 2553,4934 2553,4917 2552,4917 2460,4917 2460,4917 2460,4920 2459,4921 2459,4922 2457,4924 2457,4926 2456,4927 2455,4927 2454,4928 2454,4929 2453,4930 2453,4932 2451,4934 2441,4933 2440,4934 2439,4934 2438,4935 2388,4935 2387,4936 2386,4936 2383,4933 2378,4933 2378,4933 2378,4932 2376,4930 2375,4930 2373,4928 2371,4928 2371,4928 2371,4919 2370,4918 2340,4918 2340,4918 2340,4915 2339,4914 2258,4914 2256,4916 2254,4916 2253,4915 2241,4915 2239,4913 2238,4913 2236,4911 2235,4911 2232,4908 2159,4907 2158,4909 2158,4914 2155,4917 2155,4932 2153,4933 2152,4933 2150,4935 2149,4935 2148,4934 2148,4932 2147,4931 2147,4927 2146,4926 2146,4920 2145,4919 2135,4919 2135,4919 2135,4918 2134,4917 2092,4917 2091,4916 2070,4916 2023,4916 2022,4917 1996,4917 1994,4919 1993,4919 1991,4917 1926,4916 1926,4917 1926,4926 1925,4927 1925,4934 1924,4934 1898,4934 1898,4934 1898,4829 1899,4828 1909,4828 1910,4827 1926,4827 1926,4828 1926,4830 1927,4831 1927,4834 1928,4834 1978,4834 1978,4835 1978,4836 1979,4837 1979,4853 1980,4853 2084,4854 2084,4853 2084,4851 2085,4850 2085,4838 2087,4837 2091,4837 2092,4836 2094,4836 2097,4833 2098,4833 2099,4832 2103,4832 2104,4834 2104,4836 2105,4836 2114,4836 2115,4838 2115,4839 2116,4840 2116,4846 2117,4846 2183,4846 2183,4846 2183,4844 2184,4843 2184,4842 2185,4841 2198,4841 2200,4839 2201,4839 2204,4836 2205,4836 2206,4835 2211,4835 2212,4834 2225,4835 2226,4834 2230,4834 2231,4835 2237,4835 2237,4835 2237,4836 2239,4838 2266,4838 2267,4839 2268,4839 2271,4842 2271,4844 2272,4845 2272,4846 2273,4847 2273,4852 2274,4853 2299,4853 2300,4854 2349,4854 2350,4855 2476,4856 2477,4855 2478,4855 2479,4856 2551,4856 2551,4855 2551,4851 2552,4850 2552,4849 2553,4848 2553,4847 2555,4845 2555,4843 2562,4837 2563,4837 2564,4836 2565,4836 2566,4835 2567,4835 2568,4834 2569,4834 2570,4833 2594,4833 2595,4832 2595,4831 2597,4829 2604,4829 2605,4828 2607,4828 2609,4830 2610,4830 2613,4833 2615,4833 2616,4835 2616,4836 2617,4837 2617,4856 2618,4856 2649,4856 2650,4858 2650,4859 2651,4859 2721,4860 2722,4859 2771,4859 2771,4858 2771,4856 2773,4854 2773,4850 2774,4849 2774,4848 2775,4847 2775,4846 2776,4845 2776,4844 2777,4844 2778,4844 2780,4842 2781,4842 2785,4838 2786,4838 2788,4836 2792,4836 2793,4835 2794,4835 2795,4834 2804,4834 2805,4835 2812,4835 2813,4836 2820,4836 2822,4838 2823,4838 2824,4839 2825,4839 2827,4841 2828,4841 2830,4844 2830,4860 2831,4860 2897,4860 2897,4860 2897,4859 2898,4858 2998,4859 2999,4858 3033,4858 3034,4859 3035,4859 3037,4861 3038,4861 3038,4862 3038,4864 3040,4865 3105,4865 3105,4865 3105,4863 3106,4862 3106,4861 3107,4860 3107,4857 3108,4856 3108,4852 3109,4851 3109,4850 3111,4848 3113,4848 3114,4849 3116,4849 3117,4851 3117,4853 3118,4854 3118,4859 3119,4859 3199,4860 3200,4859 3262,4859 3262,4859 3262,4855 3264,4853 3264,4852 3265,4851 3266,4851 3269,4848 3270,4848 3271,4847 3273,4847 3274,4849 3274,4852 3276,4853 3279,4853 3280,4854 3345,4854 3345,4854 3345,4853 3347,4851 3347,4850 3348,4849 3349,4849 3350,4848 3351,4848 3353,4846 3353,4845 3354,4844 3355,4843 3356,4843 3358,4841 3359,4841 3360,4840 3365,4841 3366,4840 3369,4840 3371,4838 3372,4839 3373,4839 3374,4840 3374,4841 3375,4842 3375,4850 3376,4851 3386,4851 3387,4852 3390,4852 3397,4859 3543,4859 3544,4858 3548,4858 3548,4859 3548,4861 3549,4861 3671,4862 3671,4861 3671,4838 3672,4838 3674,4838 3675,4839 3677,4839 3677,4839 3677,4953 3676,4954"/>
        <TextEquiv index="0">
          <Unicode>kercke / Burggraff von Furnes / und Herr zu</Unicode>
        </TextEquiv>
        <TextEquiv index="1">
          <Unicode>kercke / Burggraff von Furnes / und Herr zu</Unicode>
        </TextEquiv>
      </TextLine>
      <TextLine id="l94">
        <Coords points="3672,5061 3671,5060 3671,5021 3671,5021 3608,5021 3607,5022 3604,5022 3595,5031 3594,5031 3593,5032 3589,5035 3589,5036 3589,5036 3581,5036 3580,5037 3580,5041 3579,5042 3579,5044 3577,5046 3577,5047 3575,5049 3575,5050 3572,5053 3572,5054 3572,5054 3570,5054 3568,5056 3567,5056 3566,5057 3565,5057 3564,5058 3562,5058 3561,5059 3552,5059 3551,5060 3548,5060 3545,5057 3544,5057 3543,5057 3543,5056 3543,5055 3541,5055 3537,5052 3537,5051 3536,5050 3536,5036 3536,5035 3473,5035 3472,5036 3471,5036 3470,5037 3449,5037 3447,5038 3447,5042 3447,5043 3446,5042 3444,5042 3443,5041 3397,5041 3395,5039 3332,5038 3331,5039 3331,5040 3328,5043 3326,5043 3325,5044 3324,5044 3323,5045 3322,5045 3321,5046 3319,5046 3318,5047 3317,5047 3316,5046 3315,5046 3314,5046 3314,5032 3314,5031 3290,5031 3289,5030 3260,5030 3259,5029 3134,5028 3133,5029 3119,5029 3118,5028 3051,5028 3050,5029 3050,5055 3050,5055 3048,5055 3045,5058 3036,5058 3035,5057 3034,5057 3033,5056 3032,5056 3030,5055 3030,5053 3029,5052 3029,5030 3029,5029 2969,5029 2968,5030 2967,5029 2954,5029 2953,5028 2932,5028 2931,5027 2867,5026 2866,5027 2844,5027 2843,5026 2768,5026 2767,5027 2753,5027 2752,5026 2749,5026 2748,5025 2677,5025 2676,5025 2674,5025 2673,5026 2645,5026 2644,5025 2643,5025 2642,5024 2502,5024 2500,5022 2435,5021 2434,5020 2418,5020 2324,5020 2323,5020 2323,5021 2323,5022 2302,5022 2301,5022 2301,5023 2300,5025 2252,5025 2251,5026 2221,5026 2220,5027 2218,5027 2217,5027 2087,5027 2086,5027 2086,5041 2085,5043 2082,5043 2081,5044 2077,5044 2075,5042 2075,5028 2075,5028 2010,5028 2008,5030 2007,5030 2005,5031 2005,5032 2004,5034 1998,5034 1997,5035 1994,5035 1993,5034 1928,5033 1927,5034 1927,5048 1926,5049 1926,5053 1926,5053 1898,5053 1897,5053 1898,4935 1898,4934 1924,4934 1925,4935 1925,4937 1925,4937 1982,4937 1983,4938 1985,4938 1986,4939 1999,4940 2001,4941 2001,4943 2001,4944 2016,4944 2020,4948 2085,4948 2086,4947 2091,4947 2092,4946 2118,4946 2119,4945 2203,4945 2204,4944 2212,4944 2213,4943 2215,4943 2216,4943 2216,4942 2217,4940 2224,4941 2225,4942 2280,4942 2281,4943 2355,4943 2356,4943 2356,4939 2356,4938 2358,4938 2359,4937 2360,4937 2361,4938 2361,4939 2362,4940 2362,4943 2362,4943 2365,4943 2366,4944 2432,4944 2433,4943 2435,4943 2436,4942 2439,4942 2440,4943 2441,4943 2443,4945 2443,4971 2443,4971 2526,4972 2527,4971 2527,4950 2528,4949 2529,4949 2532,4946 2535,4946 2536,4945 2536,4940 2536,4940 2537,4940 2539,4941 2539,4942 2541,4944 2541,4947 2542,4948 2542,4959 2543,4960 2543,4972 2543,4973 2565,4973 2566,4974 2607,4974 2608,4975 2610,4975 2611,4976 2695,4977 2696,4976 2698,4976 2699,4975 2723,4975 2724,4974 2724,4971 2727,4968 2727,4965 2727,4965 2728,4965 2729,4964 2729,4963 2731,4961 2734,4961 2736,4959 2736,4957 2737,4956 2741,4956 2742,4955 2743,4955 2745,4953 2745,4952 2746,4951 2756,4951 2757,4950 2758,4950 2759,4949 2796,4949 2797,4948 2798,4948 2799,4947 2801,4947 2802,4947 2802,4943 2802,4942 2803,4942 2804,4943 2805,4943 2807,4945 2807,4946 2808,4947 2808,4948 2808,4948 2809,4948 2811,4950 2811,4970 2811,4970 2812,4970 2813,4971 2813,4976 2813,4976 2888,4976 2889,4976 2889,4958 2890,4957 2890,4956 2891,4954 2892,4954 2893,4953 2894,4953 2895,4952 2930,4953 2931,4952 2932,4952 2933,4951 2937,4951 2938,4950 2940,4950 2941,4949 2946,4949 2947,4948 2947,4947 2948,4946 2950,4947 2950,4948 2950,4949 2951,4949 2953,4950 2953,4952 2954,4953 2954,4954 2955,4955 2955,4956 2957,4958 2957,4967 2958,4968 2958,4978 2958,4979 3035,4979 3037,4977 3081,4977 3082,4977 3082,4952 3082,4951 3083,4951 3084,4951 3084,4944 3084,4943 3087,4943 3088,4944 3091,4944 3093,4946 3093,4949 3093,4949 3095,4949 3096,4950 3097,4950 3098,4951 3098,4979 3098,4979 3198,4980 3199,4979 3199,4977 3199,4977 3205,4977 3207,4979 3300,4979 3301,4978 3339,4978 3341,4977 3341,4970 3342,4969 3342,4964 3342,4963 3343,4963 3344,4963 3344,4962 3345,4961 3345,4960 3348,4957 3348,4956 3349,4955 3349,4954 3351,4951 3353,4951 3354,4950 3355,4950 3356,4949 3358,4949 3359,4948 3378,4949 3379,4948 3380,4948 3383,4945 3404,4945 3405,4946 3407,4946 3409,4947 3409,4948 3413,4953 3436,4953 3437,4954 3438,4954 3439,4955 3441,4955 3442,4956 3447,4956 3448,4957 3449,4957 3450,4958 3451,4958 3452,4958 3452,4959 3453,4960 3453,4967 3456,4970 3456,4971 3456,4972 3564,4972 3569,4977 3569,4978 3569,4978 3670,4979 3671,4978 3671,4954 3671,4954 3676,4954 3677,4954 3676,5060 3676,5061"/>
        <TextEquiv index="0">
          <Unicode>Ge&#383;beck: Wilhelmus Chri&#383;tophorus, Marg&#11799;</Unicode>
        </TextEquiv>
        <TextEquiv index="1">
          <Unicode>Ge&#383;beck: WilhelmusChri&#383;tophorus, Marg&#11799;</Unicode>
        </TextEquiv>
      </TextLine>
      <TextLine id="l95">
        <Coords points="3671,5179 3671,5178 3671,5170 3670,5170 3121,5167 3120,5166 3108,5166 3107,5165 1992,5161 1992,5161 1992,5164 1991,5165 1988,5165 1987,5163 1897,5163 1897,5163 1897,5054 1898,5053 2095,5054 2096,5053 2116,5053 2116,5053 2116,5052 2117,5051 2119,5051 2120,5050 2122,5050 2123,5051 2130,5051 2131,5052 2137,5052 2138,5054 2138,5055 2140,5056 3309,5061 3310,5060 3508,5061 3510,5059 3514,5059 3515,5060 3676,5061 3676,5061 3676,5178 3675,5179"/>
        <TextEquiv index="0">
          <Unicode>graff zu Baden / und Hochberg / Graff zu</Unicode>
        </TextEquiv>
        <TextEquiv index="1">
          <Unicode>graff zu Baden / und Hochberg / Graff zu</Unicode>
        </TextEquiv>
      </TextLine>
      <TextLine id="l96">
        <Coords points="1897,5281 1896,5281 1897,5164 1897,5163 2584,5166 2585,5165 2586,5165 2587,5164 2592,5164 2593,5163 2602,5163 2603,5163 2603,5157 2603,5156 2609,5156 2611,5158 2611,5160 2615,5164 2615,5166 2619,5170 2919,5172 2920,5173 2921,5173 2922,5174 3048,5174 3049,5175 3050,5175 3051,5176 3675,5179 3676,5179 3675,5287 3675,5288 3672,5288 3671,5287 3671,5283 3671,5283 3134,5280 3133,5279 1918,5274 1918,5275 1918,5281 1918,5281"/>
        <TextEquiv index="0">
          <Unicode>Spanheim / &#42843;c. Nach die&#383;en folgten noch an&#11799;</Unicode>
        </TextEquiv>
        <TextEquiv index="1">
          <Unicode>Spanheim / &#42843;c. Nach die&#383;en folgten noch an&#11799;</Unicode>
        </TextEquiv>
      </TextLine>
      <TextLine id="l97">
        <Coords points="1896,5389 1896,5389 1896,5282 1897,5281 1918,5281 1918,5282 1918,5293 1918,5293 1951,5293 1952,5294 1955,5294 1957,5296 1958,5296 1961,5299 1964,5299 1965,5300 2077,5301 2078,5300 2081,5300 2082,5301 2083,5301 2083,5301 2083,5302 2084,5303 2084,5305 2085,5306 2085,5307 2086,5308 2127,5308 2128,5309 2129,5309 2130,5310 2246,5311 2246,5310 2246,5295 2249,5292 2249,5290 2252,5288 2253,5288 2256,5285 2257,5286 2257,5290 2260,5293 2260,5294 2261,5295 2265,5295 2268,5298 2270,5298 2271,5299 2272,5299 2273,5300 2275,5300 2277,5302 2313,5302 2314,5303 2334,5303 2335,5304 2468,5305 2468,5304 2468,5290 2469,5290 2517,5290 2518,5288 2518,5287 2519,5286 2519,5285 2520,5285 2522,5285 2525,5288 2525,5301 2526,5302 2553,5302 2554,5303 2554,5304 2555,5305 2671,5305 2671,5305 2671,5290 2672,5289 2672,5288 2673,5287 2691,5288 2692,5289 2723,5289 2724,5290 2731,5290 2731,5290 2731,5292 2733,5294 2755,5294 2757,5296 2757,5312 2758,5313 2797,5313 2799,5315 2802,5315 2803,5316 2892,5316 2892,5316 2892,5296 2893,5295 2894,5295 2894,5295 2894,5293 2896,5291 2899,5291 2900,5290 2975,5291 2975,5290 2975,5289 2976,5289 2977,5289 2979,5287 2983,5287 2984,5286 2986,5286 2987,5285 3008,5285 3010,5287 3011,5287 3013,5289 3013,5290 3014,5291 3035,5291 3036,5293 3036,5294 3037,5295 3037,5303 3038,5303 3039,5303 3040,5304 3120,5304 3120,5305 3120,5308 3121,5308 3205,5309 3207,5306 3207,5305 3208,5304 3208,5303 3209,5303 3212,5303 3212,5302 3212,5301 3214,5300 3216,5300 3216,5300 3216,5313 3217,5314 3332,5314 3332,5314 3332,5313 3333,5312 3333,5311 3334,5310 3334,5309 3335,5308 3335,5306 3337,5304 3337,5303 3344,5296 3345,5296 3346,5295 3347,5295 3348,5294 3352,5294 3355,5291 3360,5291 3362,5289 3364,5290 3365,5291 3376,5291 3377,5292 3386,5292 3387,5293 3395,5293 3395,5293 3395,5294 3397,5296 3397,5297 3398,5298 3398,5310 3399,5311 3451,5311 3452,5312 3508,5312 3509,5313 3510,5313 3510,5314 3510,5315 3512,5316 3560,5316 3562,5318 3564,5318 3565,5320 3565,5321 3566,5321 3567,5321 3568,5323 3568,5324 3570,5325 3571,5325 3572,5326 3671,5327 3671,5326 3671,5288 3672,5288 3675,5288 3675,5288 3675,5392 3674,5393 3671,5393 3671,5392 3671,5350 3670,5350 3573,5349 3573,5350 3573,5351 3572,5352 3572,5353 3568,5357 3568,5358 3567,5358 3566,5358 3563,5361 3561,5361 3560,5362 3559,5362 3555,5366 3549,5366 3548,5367 3547,5367 3545,5365 3460,5365 3436,5365 3434,5367 3255,5366 3255,5367 3255,5368 3254,5369 3254,5370 3253,5371 3253,5372 3250,5375 3250,5376 3249,5377 3249,5378 3248,5378 3248,5379 3247,5380 3247,5382 3245,5384 3244,5384 3243,5385 3243,5386 3240,5389 3237,5389 3236,5390 3234,5387 3234,5378 3233,5378 3185,5378 3184,5377 3183,5377 3182,5375 3182,5372 3181,5372 3138,5372 3138,5371 3138,5369 3137,5369 3062,5368 3060,5370 3031,5370 3031,5371 3031,5372 3028,5374 3026,5374 3025,5376 3025,5380 3024,5380 3023,5380 3021,5382 3018,5382 3017,5383 3016,5383 3014,5385 3013,5385 3012,5386 3011,5386 3010,5387 3003,5387 3001,5389 3000,5389 2999,5390 2996,5390 2994,5392 2993,5391 2992,5391 2990,5389 2969,5389 2968,5387 2968,5381 2967,5381 2941,5381 2941,5380 2941,5364 2940,5364 2868,5363 2867,5364 2841,5364 2840,5365 2789,5365 2787,5363 2781,5363 2780,5362 2704,5362 2703,5363 2646,5362 2644,5365 2644,5366 2642,5367 2641,5367 2640,5368 2564,5368 2564,5369 2564,5371 2563,5372 2563,5375 2561,5376 2560,5376 2560,5376 2560,5379 2558,5381 2557,5381 2554,5384 2551,5384 2550,5385 2545,5385 2543,5387 2542,5387 2539,5384 2536,5384 2534,5382 2533,5382 2532,5381 2529,5381 2526,5377 2526,5376 2525,5375 2525,5365 2524,5365 2505,5365 2504,5364 2390,5363 2389,5362 2300,5362 2299,5363 2298,5363 2297,5362 2296,5362 2295,5361 2190,5360 2190,5361 2190,5362 2188,5364 2188,5366 2187,5367 2187,5369 2186,5370 2186,5371 2185,5371 2184,5371 2184,5372 2184,5373 2183,5373 2182,5373 2182,5374 2182,5375 2181,5375 2180,5375 2180,5376 2180,5377 2178,5379 2178,5381 2177,5381 2176,5381 2175,5383 2175,5385 2173,5386 2173,5386 2173,5380 2172,5379 2172,5378 2170,5376 2169,5376 2169,5376 2169,5361 2168,5360 2071,5360 2071,5360 2071,5361 2070,5362 2068,5362 2066,5364 1998,5364 1997,5363 1995,5363 1994,5362 1918,5361 1918,5362 1918,5389 1917,5389"/>
        <TextEquiv index="0">
          <Unicode>dere 25. der vorigen Vicarii, Item / 7. Canto-</Unicode>
        </TextEquiv>
        <TextEquiv index="1">
          <Unicode>dere 25. der vorigen Vicarii, Item / 7. Canto-</Unicode>
        </TextEquiv>
      </TextLine>
      <TextLine id="l98">
        <Coords points="1896,5501 1895,5501 1896,5390 1896,5389 1917,5389 1918,5390 1918,5419 1918,5419 1955,5419 1956,5420 2029,5421 2031,5419 2033,5419 2034,5418 2108,5418 2111,5416 2111,5415 2114,5411 2206,5411 2207,5411 2207,5406 2208,5405 2208,5404 2209,5403 2209,5402 2209,5401 2210,5401 2211,5401 2211,5399 2211,5398 2212,5398 2213,5397 2215,5397 2216,5398 2217,5399 2218,5399 2218,5402 2218,5403 2219,5403 2222,5406 2226,5406 2228,5408 2229,5408 2231,5410 2232,5410 2233,5411 2235,5411 2236,5411 2236,5412 2236,5413 2318,5413 2319,5412 2321,5412 2322,5411 2322,5401 2323,5400 2323,5399 2325,5397 2326,5397 2327,5396 2381,5396 2382,5395 2384,5395 2385,5394 2386,5394 2387,5393 2390,5396 2390,5418 2390,5418 2454,5419 2457,5416 2458,5416 2461,5413 2498,5413 2499,5412 2499,5411 2500,5410 2500,5408 2501,5407 2501,5404 2501,5404 2502,5404 2504,5402 2507,5402 2508,5402 2508,5406 2509,5408 2512,5408 2513,5409 2515,5409 2517,5411 2518,5411 2519,5412 2522,5412 2523,5413 2524,5413 2525,5413 2525,5414 2525,5415 2584,5415 2585,5416 2585,5418 2585,5418 2690,5419 2691,5418 2695,5418 2696,5419 2766,5419 2767,5418 2767,5412 2771,5408 2774,5408 2778,5404 2778,5403 2778,5403 2782,5403 2783,5402 2791,5402 2794,5405 2795,5405 2796,5406 2797,5406 2798,5407 2798,5420 2798,5420 2873,5420 2875,5419 2875,5418 2876,5417 2876,5414 2877,5412 2894,5412 2895,5412 2895,5411 2896,5410 2896,5408 2901,5402 2902,5402 2903,5401 2904,5401 2905,5401 2910,5401 2911,5400 2915,5400 2916,5399 2917,5400 2918,5400 2922,5403 2922,5405 2923,5406 2923,5407 2924,5408 2924,5424 2924,5425 2982,5425 2983,5424 2983,5422 2983,5422 2984,5422 2985,5423 2987,5423 2989,5425 3076,5425 3079,5422 3103,5422 3105,5420 3107,5420 3108,5421 3108,5422 3108,5422 3131,5422 3132,5423 3205,5424 3206,5423 3206,5412 3209,5409 3210,5409 3212,5407 3212,5406 3212,5406 3213,5406 3214,5405 3214,5404 3214,5404 3215,5404 3216,5403 3217,5403 3218,5402 3224,5402 3225,5401 3228,5401 3229,5402 3230,5402 3232,5403 3232,5419 3232,5420 3329,5420 3330,5420 3330,5416 3331,5415 3331,5414 3333,5412 3333,5411 3337,5406 3338,5406 3339,5405 3341,5405 3344,5408 3344,5412 3346,5414 3347,5414 3349,5416 3350,5416 3352,5418 3353,5418 3354,5419 3355,5419 3357,5421 3432,5422 3433,5421 3445,5421 3446,5420 3446,5409 3447,5408 3453,5408 3458,5403 3461,5403 3463,5401 3464,5401 3465,5400 3468,5400 3469,5401 3470,5401 3471,5402 3472,5402 3473,5402 3473,5404 3475,5406 3475,5408 3476,5409 3476,5412 3476,5413 3517,5413 3519,5415 3519,5416 3520,5417 3520,5418 3521,5419 3593,5420 3594,5419 3596,5419 3597,5420 3598,5420 3599,5421 3600,5421 3601,5422 3670,5422 3671,5421 3671,5393 3671,5393 3674,5393 3675,5393 3674,5506 3674,5507 3672,5507 3671,5506 3671,5479 3671,5479 3603,5479 3602,5480 3601,5480 3600,5481 3599,5481 3597,5483 3591,5482 3589,5484 3586,5484 3585,5483 3485,5483 3484,5484 3484,5496 3484,5496 3481,5496 3479,5498 3479,5499 3478,5500 3476,5500 3475,5499 3471,5499 3470,5498 3466,5498 3465,5497 3465,5496 3464,5495 3464,5493 3463,5492 3463,5480 3463,5480 3381,5480 3380,5481 3314,5480 3313,5481 3313,5483 3313,5483 3294,5483 3293,5484 3293,5486 3292,5487 3292,5488 3292,5488 3288,5488 3287,5489 3287,5495 3284,5498 3282,5498 3281,5499 3278,5499 3277,5500 3277,5501 3275,5503 3267,5503 3266,5502 3253,5502 3252,5501 3251,5501 3246,5496 3246,5495 3245,5494 3245,5488 3245,5488 3224,5488 3220,5484 3220,5483 3220,5483 3136,5483 3135,5484 3108,5483 3106,5485 3105,5485 3104,5484 3102,5484 3101,5484 3101,5483 3100,5481 2934,5481 2933,5482 2904,5481 2903,5482 2903,5486 2903,5486 2902,5486 2900,5488 2900,5495 2899,5496 2898,5496 2895,5499 2892,5499 2891,5499 2891,5489 2891,5488 2806,5488 2805,5489 2805,5500 2805,5500 2803,5502 2801,5502 2800,5503 2791,5503 2790,5502 2781,5502 2780,5501 2779,5501 2778,5500 2777,5500 2775,5498 2775,5483 2775,5483 2746,5483 2745,5482 2690,5482 2689,5481 2689,5479 2689,5479 2633,5478 2632,5479 2632,5488 2632,5488 2631,5488 2631,5479 2631,5478 2583,5478 2582,5479 2581,5479 2580,5478 2578,5478 2577,5477 2508,5477 2507,5477 2507,5482 2507,5483 2506,5482 2506,5478 2506,5478 2485,5478 2484,5479 2483,5479 2482,5480 2481,5479 2481,5478 2481,5478 2437,5477 2436,5476 2313,5476 2311,5474 2221,5474 2220,5475 2219,5474 2145,5473 2144,5474 2143,5474 2142,5475 2085,5475 2083,5476 2083,5478 2083,5479 2081,5479 2079,5481 2077,5481 2075,5483 2074,5483 2073,5484 2072,5484 2071,5483 2069,5483 2067,5481 2067,5470 2067,5470 2005,5470 2004,5471 2001,5471 2000,5472 1992,5472 1991,5471 1989,5471 1987,5468 1918,5468 1918,5469 1918,5500 1918,5500 1900,5500 1899,5501"/>
        <TextEquiv index="0">
          <Unicode>res, und viel andere mehr / &#383;o vom obgedachten</Unicode>
        </TextEquiv>
        <TextEquiv index="1">
          <Unicode>res, und viel andere mehr / &#383;o vom obgedachten</Unicode>
        </TextEquiv>
      </TextLine>
      <TextLine id="l99">
        <Coords points="3671,5621 3671,5620 3671,5613 3670,5613 3556,5612 3553,5609 3553,5600 3552,5599 2800,5596 2800,5597 2800,5614 2799,5614 2798,5614 2798,5615 2798,5616 2797,5616 2772,5616 2771,5615 2393,5613 2392,5612 2389,5612 2388,5611 2294,5611 2293,5610 1895,5608 1895,5608 1895,5502 1896,5501 1899,5501 1900,5500 1918,5500 1918,5501 1918,5502 1918,5502 2077,5503 2078,5504 2195,5504 2197,5506 2198,5506 2198,5507 2198,5510 2199,5510 3301,5515 3302,5514 3305,5514 3305,5514 3305,5513 3306,5512 3310,5512 3314,5508 3318,5508 3321,5505 3674,5507 3674,5507 3674,5620 3673,5621"/>
        <TextEquiv index="0">
          <Unicode>Gelenio, pag. 230. erzehlet werden. Darau&#223;</Unicode>
        </TextEquiv>
        <TextEquiv index="1">
          <Unicode>Gelenio, pag. 230. erzehlet werden. Darau&#223;</Unicode>
        </TextEquiv>
      </TextLine>
      <TextLine id="l100">
        <Coords points="3491,5733 3490,5733 3490,5731 3490,5730 3104,5728 3102,5727 3102,5726 3102,5725 2206,5721 2204,5723 2204,5724 2204,5724 1918,5723 1918,5724 1918,5725 1918,5725 1895,5725 1894,5725 1895,5609 1895,5608 1917,5608 1918,5609 1918,5610 1918,5610 2108,5611 2109,5612 2109,5613 2109,5613 3493,5619 3494,5618 3525,5618 3526,5617 3527,5617 3528,5617 3528,5616 3529,5614 3531,5616 3531,5617 3531,5617 3535,5617 3536,5618 3539,5618 3541,5620 3673,5621 3674,5621 3673,5733 3673,5734"/>
        <TextEquiv index="0">
          <Unicode>die Hoheit / und Herrlichkeit die&#383;es Ertz&#383;tiffts</Unicode>
        </TextEquiv>
        <TextEquiv index="1">
          <Unicode>die Hoheit / und Herrlichkeit die&#383;es Ertz&#383;tiffts</Unicode>
        </TextEquiv>
      </TextLine>
      <TextLine id="l101">
        <Coords points="3671,5846 3671,5845 3671,5821 3670,5821 2885,5817 2884,5819 2884,5821 2882,5823 2882,5825 2879,5827 2878,5827 2877,5828 2875,5828 2874,5829 2873,5829 2872,5830 2455,5829 2455,5829 2455,5834 2454,5835 1918,5832 1918,5833 1918,5835 1917,5835 1894,5835 1894,5835 1894,5726 1895,5725 2137,5726 2139,5724 2562,5726 2562,5726 2562,5723 2563,5722 2564,5722 2565,5723 2568,5723 2568,5724 2568,5737 2569,5737 2591,5737 2592,5738 3490,5742 3490,5742 3490,5734 3491,5733 3673,5734 3673,5734 3673,5845 3672,5846"/>
        <TextEquiv index="0">
          <Unicode>zu er&#383;ehen. Wie dann zu einem Canonico</Unicode>
        </TextEquiv>
        <TextEquiv index="1">
          <Unicode>zu er&#383;ehen. Wie dann zu einem Canonico</Unicode>
        </TextEquiv>
      </TextLine>
      <TextLine id="l102">
        <Coords points="3671,5956 3671,5918 3671,5918 3599,5918 3597,5919 3597,5920 3597,5921 3594,5921 3592,5923 3591,5923 3590,5923 3589,5923 3588,5924 3566,5924 3565,5925 3564,5925 3563,5926 3562,5926 3561,5927 3561,5928 3561,5928 3560,5928 3559,5929 3558,5929 3557,5930 3528,5930 3527,5931 3527,5943 3526,5944 3526,5946 3525,5947 3525,5949 3523,5951 3522,5951 3521,5950 3506,5950 3505,5949 3503,5949 3500,5947 3500,5931 3499,5929 3355,5928 3354,5929 3354,5930 3354,5930 3279,5930 3278,5931 3278,5932 3276,5934 3276,5940 3273,5943 3273,5944 3273,5944 3267,5944 3266,5945 3266,5946 3266,5946 3265,5946 3265,5933 3264,5932 3264,5928 3264,5927 3234,5927 3233,5926 3163,5926 3162,5925 3082,5924 3081,5925 3033,5925 3032,5926 3008,5926 3007,5926 3007,5928 3006,5930 3005,5929 2896,5928 2894,5930 2892,5930 2890,5929 2890,5926 2890,5925 2761,5925 2760,5926 2759,5926 2758,5925 2758,5923 2757,5922 2685,5922 2683,5923 2683,5924 2682,5925 2682,5926 2681,5927 2681,5928 2680,5929 2680,5932 2679,5933 2679,5934 2679,5935 2678,5935 2677,5934 2675,5934 2673,5932 2673,5930 2673,5929 2619,5929 2618,5928 2577,5928 2576,5927 2514,5927 2513,5926 2370,5925 2369,5926 2369,5940 2368,5941 2368,5942 2367,5943 2367,5946 2367,5946 2362,5946 2360,5948 2355,5948 2354,5947 2346,5947 2344,5945 2342,5945 2340,5944 2340,5943 2339,5942 2339,5923 2339,5922 2312,5922 2311,5921 2177,5920 2175,5922 2142,5922 2141,5923 2072,5923 2071,5923 2071,5925 2070,5927 2068,5927 2067,5926 2042,5926 2041,5925 2014,5925 2013,5924 1918,5923 1918,5924 1918,5947 1918,5947 1894,5947 1893,5947 1894,5836 1894,5835 1917,5835 1918,5836 1918,5838 1918,5838 1965,5838 1966,5839 1970,5839 1971,5840 1972,5840 1974,5842 2029,5843 2032,5845 2032,5861 2032,5862 2105,5862 2106,5861 2121,5861 2123,5859 2184,5859 2185,5858 2205,5858 2206,5857 2242,5858 2243,5857 2249,5857 2251,5859 2332,5859 2333,5859 2333,5850 2334,5848 2336,5848 2337,5847 2340,5847 2341,5847 2341,5846 2343,5843 2344,5843 2345,5842 2347,5842 2348,5841 2350,5841 2351,5840 2358,5840 2359,5841 2397,5841 2400,5844 2400,5855 2400,5855 2460,5856 2463,5858 2463,5859 2464,5860 2464,5861 2464,5862 2490,5862 2491,5863 2492,5863 2493,5863 2493,5864 2493,5865 2559,5865 2560,5865 2560,5852 2562,5850 2562,5849 2562,5848 2564,5848 2565,5849 2565,5850 2566,5851 2566,5852 2566,5852 2614,5852 2617,5855 2617,5856 2618,5857 2618,5859 2618,5859 2619,5860 2621,5860 2624,5863 2625,5863 2626,5864 2699,5865 2702,5862 2702,5861 2704,5859 2704,5858 2704,5858 2706,5858 2707,5857 2709,5858 2709,5866 2709,5867 2788,5867 2789,5866 2845,5866 2846,5866 2846,5856 2847,5855 2847,5854 2847,5853 2850,5853 2854,5850 2854,5849 2855,5847 2856,5847 2858,5845 2860,5845 2862,5843 2863,5844 2912,5845 2914,5847 2917,5847 2919,5848 2919,5850 2920,5851 2920,5860 2921,5861 2921,5865 2921,5866 2960,5866 2962,5868 3045,5868 3046,5867 3066,5867 3067,5867 3067,5863 3070,5860 3070,5858 3070,5857 3071,5857 3072,5856 3073,5856 3074,5855 3076,5855 3078,5857 3085,5857 3086,5858 3086,5863 3087,5864 3087,5865 3088,5866 3092,5866 3093,5867 3210,5868 3211,5867 3265,5867 3266,5867 3266,5866 3267,5865 3267,5858 3271,5854 3271,5852 3274,5848 3276,5848 3279,5845 3285,5845 3286,5844 3288,5844 3289,5845 3290,5845 3291,5846 3295,5846 3296,5847 3296,5848 3297,5849 3343,5849 3344,5850 3345,5850 3346,5851 3346,5867 3346,5867 3421,5868 3422,5867 3423,5867 3424,5867 3424,5868 3424,5869 3493,5869 3494,5869 3494,5862 3495,5861 3495,5859 3496,5857 3501,5857 3503,5856 3503,5855 3504,5854 3504,5853 3507,5849 3510,5849 3511,5848 3513,5848 3514,5849 3514,5850 3514,5850 3515,5850 3516,5851 3520,5851 3521,5852 3524,5852 3525,5853 3526,5853 3527,5854 3527,5855 3528,5856 3528,5872 3528,5872 3572,5872 3573,5873 3573,5874 3574,5875 3574,5877 3575,5878 3575,5879 3576,5880 3576,5881 3577,5882 3578,5882 3579,5883 3579,5884 3580,5885 3670,5886 3671,5885 3671,5846 3671,5846 3672,5846 3673,5846 3672,5956 3672,5957"/>
        <TextEquiv index="0">
          <Unicode>keiner erwehlet wird / er k&#246;nne dann &#383;einen ho&#11799;</Unicode>
        </TextEquiv>
        <TextEquiv index="1">
          <Unicode>keiner erwehlet wird / er k&#246;nne dann &#383;einen ho&#11799;</Unicode>
        </TextEquiv>
      </TextLine>
      <TextLine id="l103">
        <Coords points="1893,6059 1893,6059 1893,5948 1894,5947 2106,5948 2107,5947 2110,5947 2111,5946 2119,5946 2120,5945 2123,5945 2124,5946 2161,5946 2162,5948 2162,5950 2163,5950 2268,5951 2269,5952 2785,5954 2786,5953 2787,5954 2788,5954 2789,5956 2789,5957 2790,5957 3273,5959 3273,5959 3273,5955 3274,5954 3275,5954 3275,5955 3275,5959 3276,5959 3388,5960 3389,5959 3671,5960 3671,5959 3671,5957 3672,5957 3672,5957 3672,6063 3671,6064 3156,6062 3155,6063 2650,6060 2647,6057 2647,6056 2645,6054 2645,6053 2644,6052 1974,6049 1974,6050 1974,6051 1973,6051 1964,6051 1964,6052 1964,6054 1963,6054 1959,6054 1958,6055 1956,6055 1955,6056 1918,6056 1918,6057 1918,6059 1917,6059"/>
        <TextEquiv index="0">
          <Unicode>hen Adel / von acht Ahnherren her / bewei&#11799;</Unicode>
        </TextEquiv>
        <TextEquiv index="1">
          <Unicode>hen Adel / von acht Ahnherren her / bewei&#11799;</Unicode>
        </TextEquiv>
      </TextLine>
      <TextLine id="l104">
        <Coords points="1893,6187 1892,6187 1893,6060 1893,6059 1917,6059 1918,6060 1918,6063 1918,6063 1969,6063 1970,6064 1971,6064 1972,6065 1973,6066 1973,6067 1977,6071 1977,6083 1977,6083 2098,6084 2099,6083 2099,6080 2100,6079 2100,6078 2101,6077 2101,6074 2102,6074 2102,6073 2103,6072 2103,6071 2104,6070 2104,6068 2107,6064 2108,6064 2110,6062 2111,6062 2114,6059 2117,6059 2119,6057 2127,6057 2128,6056 2132,6056 2133,6055 2149,6055 2150,6056 2151,6056 2153,6058 2158,6058 2161,6061 2161,6062 2162,6063 2162,6064 2162,6064 2165,6064 2167,6066 2283,6067 2284,6066 2284,6065 2284,6065 2286,6065 2287,6064 2288,6064 2290,6065 2290,6084 2290,6085 2385,6085 2386,6085 2386,6076 2387,6075 2387,6071 2388,6069 2393,6069 2394,6070 2394,6072 2395,6073 2395,6086 2395,6086 2422,6086 2424,6088 2531,6089 2532,6088 2532,6079 2532,6079 2534,6079 2536,6077 2537,6077 2538,6076 2539,6076 2540,6075 2541,6075 2542,6074 2543,6074 2544,6073 2544,6072 2546,6070 2549,6070 2550,6069 2555,6069 2557,6070 2557,6072 2558,6073 2558,6088 2558,6089 2677,6090 2680,6087 2680,6086 2681,6085 2681,6083 2683,6081 2719,6081 2720,6080 2720,6079 2722,6077 2722,6076 2724,6074 2725,6074 2728,6071 2729,6071 2730,6070 2734,6070 2737,6067 2740,6067 2741,6068 2744,6068 2746,6069 2746,6070 2746,6071 2747,6071 2748,6072 2750,6072 2751,6072 2751,6089 2751,6090 2864,6090 2865,6089 2868,6089 2869,6089 2869,6080 2870,6079 2870,6078 2871,6077 2871,6076 2873,6073 2919,6074 2920,6073 2921,6073 2923,6071 2931,6071 2933,6069 2935,6069 2936,6070 2937,6070 2939,6071 2939,6072 2939,6073 3031,6073 3033,6071 3041,6071 3042,6072 3126,6072 3128,6074 3133,6075 3134,6075 3134,6076 3134,6077 3135,6077 3138,6079 3138,6090 3138,6091 3267,6091 3270,6088 3271,6088 3274,6085 3275,6085 3276,6084 3279,6084 3280,6084 3280,6080 3280,6079 3281,6079 3282,6078 3283,6078 3284,6078 3284,6067 3284,6066 3285,6067 3285,6068 3285,6068 3320,6068 3322,6070 3330,6070 3331,6071 3332,6071 3334,6073 3353,6073 3354,6074 3356,6074 3357,6075 3357,6076 3358,6077 3358,6087 3358,6087 3390,6088 3391,6088 3391,6089 3392,6090 3392,6091 3392,6092 3485,6092 3486,6092 3486,6087 3487,6086 3487,6084 3488,6083 3488,6082 3491,6078 3493,6080 3495,6080 3496,6081 3498,6081 3499,6082 3539,6082 3540,6083 3540,6087 3540,6087 3670,6088 3671,6087 3671,6064 3671,6064 3672,6064 3672,6143 3671,6144 3602,6144 3602,6144 3601,6185 3601,6186 3598,6186 3597,6185 3597,6152 3597,6152 3473,6151 3472,6151 3472,6152 3471,6154 3383,6154 3380,6156 3380,6157 3379,6159 3351,6158 3350,6159 3349,6159 3347,6161 3346,6161 3344,6163 3341,6163 3339,6165 3339,6166 3339,6166 3336,6166 3333,6169 3330,6169 3329,6170 3319,6170 3318,6171 3308,6171 3306,6169 3303,6169 3302,6168 3299,6168 3298,6167 3146,6167 3145,6167 3145,6174 3144,6175 3144,6176 3143,6178 3140,6178 3139,6178 3139,6179 3138,6181 3136,6181 3135,6182 3128,6181 3127,6180 3116,6180 3115,6179 2883,6178 2882,6179 2881,6179 2880,6179 2880,6162 2880,6161 2837,6161 2836,6160 2731,6160 2730,6160 2730,6169 2729,6170 2729,6171 2727,6174 2726,6174 2725,6174 2725,6177 2724,6178 2724,6180 2724,6181 2716,6181 2714,6179 2713,6179 2712,6178 2712,6174 2712,6174 2629,6173 2628,6173 2628,6161 2628,6160 2547,6160 2546,6159 2546,6158 2546,6158 2437,6157 2436,6158 2436,6161 2435,6162 2435,6163 2434,6164 2434,6165 2433,6166 2433,6167 2431,6169 2430,6169 2429,6170 2427,6170 2425,6172 2417,6172 2416,6173 2414,6173 2413,6174 2356,6174 2355,6175 2355,6180 2355,6180 2354,6180 2353,6180 2353,6173 2353,6172 2269,6172 2268,6171 2264,6171 2262,6169 2262,6155 2262,6155 2155,6154 2154,6155 2153,6155 2151,6157 2151,6158 2151,6158 2149,6158 2148,6159 2110,6159 2109,6160 2109,6173 2109,6173 2108,6173 2108,6169 2108,6168 2100,6168 2099,6167 2098,6167 2097,6166 2097,6164 2096,6163 2096,6161 2095,6160 2095,6159 2095,6159 2062,6159 2061,6158 1959,6157 1958,6158 1958,6160 1957,6161 1957,6164 1955,6166 1918,6166 1918,6167 1918,6187 1918,6187"/>
        <TextEquiv index="0">
          <Unicode>&#383;en: Die jenige aber / &#383;o nicht hohen Standes</Unicode>
        </TextEquiv>
        <TextEquiv index="1">
          <Unicode>&#383;en: Die jenige aber / &#383;o nicht hohen Standes</Unicode>
        </TextEquiv>
      </TextLine>
      <TextEquiv>
        <Unicode/>
      </TextEquiv>
    </TextRegion>
    <TextRegion id="r3" type="page-number">
      <Coords points="3449,386 3449,220 3652,220 3652,386"/>
      <TextEquiv>
        <Unicode>42</Unicode>
      </TextEquiv>
    </TextRegion>
    <TextRegion id="r4" type="catch-word">
      <Coords points="3374,6302 3374,6172 3619,6172 3619,6302"/>
      <TextEquiv>
        <Unicode/>
      </TextEquiv>
    </TextRegion>
    <TextRegion id="r5" type="header">
      <Coords points="473,170 3358,183 3358,388 1767,384 1746,374 1717,384 1154,382 630,375 574,398 523,375 473,375 477,174"/>
      <TextEquiv>
        <Unicode/>
      </TextEquiv>
    </TextRegion>
  </Page>
</PcGts>