3870 6490
43 374 1955 542 ſeyn / als die obangedeute acht Prieſterliche
242 499 1958 660 Domherren / müſſen den Abgang deß Hoch⸗
243 606 1961 764 Adelichen Geblüts / mit groſſer Kunſt / Ge⸗
41 720 1964 881 ſchick⸗und Würdigkeit / und ſonderbarem
50 833 1968 991 Verdienſt / erſtatten. Und ſo viel von der ge⸗
47 944 1971 1113 dachten I. und vornehmſten Kirch. II. S. Ge-
51 1054 1974 1209 reonis Stifftskirchen / bey welcher ſich 15.
53 1159 1977 1334 fürnehmen Standes Perſonen / 12. Prieſter /
57 1274 1980 1434 22. Vicarii, etliche Sänger / und andere
60 1386 1983 1546 Stifftsdiener / befinden. Aubertus Miræus
63 1495 1986 1649 wil / daß eben an dem Ort / wo dieſe Kirche ſte⸗
66 1607 1990 1766 het / S. Gereon, und andere 318. Kriegsleute /
69 1719 1993 1872 von der Thebaiſchen Legion / oder Regiment /
72 1829 1996 1980 bey Regierung der Käyſer Diocletiani, und
75 1933 1999 2100 Maximiani, ungefehr umbs Jahr Chriſti 298.
79 2053 2002 2210 wegen deß Chriſtlichen Glaubens / getodtet
82 2167 2005 2317 worden; allda hernach die H. Helena / Käy⸗
85 2278 2009 2422 ſers Conſtantini, deß Groſſen / Mutter / umbs
88 2387 2012 2559 Jahr 301. einen anſehenlichen runden Tempel
92 2502 2015 2655 auffgerichtet; den Chor aber deſſelben S. An-
94 2609 2018 2755 no, der 33. Ertzbiſchoff zu Cölln / darzu gethan
97 2724 2021 2874 habe. Und ſetzet er / am 587. Blat zween Vers /
101 2831 2024 2979 ſo mit güldenen Buchſtaben fornen an ſolcher
104 2938 2028 3088 Kirchen ſtehen: und ſagt / daß dieſe Märtyrer /
107 3055 2031 3206 ſo Mauri geweſen / in der gedachten deß H. Ge-
110 3166 2034 3306 reonis Kirchen ruhen / die wegen ihres verwun⸗
113 3274 2037 3424 derlichen muſiviſchen Wercks / oder Gebäu⸗
116 3383 2040 3522 es / gleichſam gülden / oder von Gold / zu ſeyn /
119 3496 2043 3632 ſcheine / und leuchte; daher ſie auch / von den
122 3602 2046 3764 Inwohnern / zu den güldenen Heiligen genat
126 3713 2050 3862 werde. Obgedachter Gelenius berichtet / daß /
129 3831 2053 3974 neben der Kirchen / ein anſehenlicher Creutz⸗
132 3937 2056 4078 gang ſeye / deſſen Erdreich keine Krotten leide.
135 4047 2059 4191 III. S. Severini Stifftskirche / in deren Colle-
138 4163 2062 4319 gio, heutigs Tags / ſich auff die 30. Canoni-
142 4267 2064 4403 ci, mit ihrem Probſt / und Dechant / auch 10.
144 4357 2068 4514 Vicariis, und andern Perſonen / befinden. IV.
147 4491 2071 4631 S. Cuniberti Stifftskirchen / allda die heiligen
150 4605 2075 4732 zween Märtyrer Evvaldi, Gebrüder / auß
153 4714 2078 4849 Britannien / in einer übergülten Behaltnuß /
157 4831 2081 4957 ruhen / hat 24. Canonicos, und 13. Vicarios.
162 4940 2084 5062 V. Zu S. Andrea, auch ein vornehme Stiffts⸗
163 5047 2087 5172 kirchen / darinn 24. Chorherren / und andere
166 5163 2091 5293 Stiffts⸗Perſonen / nicht in geringerer An⸗
169 5273 2094 5402 zahl / ſeyn. VI. Die Stifftskirch zu den Apo⸗
172 5390 2096 5504 ſteln / dabey / heutigs Tags / ſich befinden 3o.
175 5484 2100 5614 Canonici, 13. Vicarii, und 3. Chor⸗Gehülf⸗
178 5606 2103 5733 fen / oder Helffer. Und in ſolcher iſt die Be⸗
182 5720 2106 5840 gräbnuß der Richmodis von Lyskirchen / deß
185 5831 2109 5938 Mengoſi Aquæductii Ehefrauen ( zu besichti⸗
243 5942 1937 6068 gen; die Anno 1357. begraben worden / aber wie⸗
191 6050 2116 6222 der aufferſtanden iſt. VII. Die Stifftskir⸗
1956 370 3704 492 chen zu Unſer Frauen / ſo 20. Chorherren / und
1958 479 3704 597 auch faſt ſo viel Vicarien hat. VIII. S. Geor-
1957 586 3705 718 gii Stifftskirche / dabey 19. Canonici, und 8.
1964 704 3705 821 Vicarii. IX. Die Stifftskirche zur H. Jung⸗
1954 819 3706 935 frauen Maria / in dem Cöllniſchen Capitolio,
1948 931 3706 1042 darinn die H. Plectrudis, als Stiffterin derſel⸗
1954 1042 3707 1159 ben / begraben ligt. Es ſeyn da Adeliche Jung⸗
1955 1141 3707 1267 frauen / ſo man Stiffts⸗Frauen nennet. X.
1954 1263 3708 1377 Das Jungfrauen⸗Stifft zu S. Urſula, und
1953 1377 3708 1488 den eilff tauſent Jungfrauen / von welchen ob⸗
1949 1489 3709 1607 beſagter Gelenius, Syntagm. 10. libri 3. han⸗
1949 1600 3710 1719 delt / und ſchreibet / daß die heilige Urſula / auß
1953 1711 3710 1825 Britannien / im Jahr 237. auff Befelch deß
1952 1824 3710 1937 Tyrannen Julii Maximini Cæſaris, allhie / zu
1957 1932 3711 2048 Cölln / den 21. Octobris, mit eilff tauſent
1953 2042 3711 2173 Jungfrauen / ſo in derſelben Heer / oder Geſell⸗
1956 2153 3712 2268 ſchafft / geweſen / und auch mit andern / ſo wol
1959 2265 3713 2387 Männern / als Weibern / in die 14. tauſent /
1959 2380 3713 2501 umbgebracht worden ſeye. Sihe von ſolcher
1958 2493 3713 2604 Hiſtori / auch den obgedachten Miræum, in
1958 2604 3714 2721 Faſtis Belgicis, & Burgundicis, pag. 624. ſqq.
1963 2718 3714 2827 XI. Das Stifft zu S. Cæcilia, darinn / umbs
1966 2827 3715 2939 Jahr 1645. unter der Abbtiſſin / Frauen An⸗
1967 2938 3715 3057 na Maria / Freyin von Sinzigh / genannt von
1972 3049 3716 3160 Gartzen / fünffzig Jungfrauen / der regulirten
1971 3157 3716 3271 Obſervantz / gelebt / auß denen 16. der Edlern /
1977 3270 3717 3382 Canoniſſæ Capitulares, mit 5. Chorherren;
1972 3377 3717 3491 der Vicariorum aber ein gröſſere Anzahl ge⸗
1971 3489 3717 3604 weſen. Und in dieſer Kirch ligt / in einem ſil⸗
1964 3600 3718 3727 bern und vergultem Sarch / S. Evergislus, oder
1971 3714 3718 3830 Ebregiſus, deß H. Severini Nachfolger. XII.
1967 3822 3719 3940 Zu S. Panthaleon, Coſma, und Damiano, den
1968 3938 3719 4049 Aertzten / ein Benedictiner Abbtey; allda / ne⸗
1966 4045 3720 4162 ben andern vornehmen Leuten / vorzeiten / der
1968 4157 3720 4272 berühmte Hiſtoricus, Godefridus Mona-
1947 4272 3721 4385 chus Panthaleonita genannt / unter dem Ertz⸗
1947 4379 3721 4499 biſchoff Reinaldo, gelebt hat. Miræus ſagt /
1947 4495 3722 4604 es habe ſolches von dem Märtyrer S. Pan⸗
1968 4603 3722 4718 talcon / der darinn ruhe / den Namen; und habe
1974 4717 3723 4830 daſſelbe ſeinen Anfang von S. Brunone, dem
1973 4826 3723 4940 Cöllniſchen Ertzbiſchoff / Anno 959. bekom⸗
1973 4934 3724 5053 men. XIII. Zu S. Martino, ein andere Bene⸗
1971 5052 3724 5164 dictiner Ordens Abbtey / allda etwan Maria-
1966 5163 3725 5276 nus Scotus, der Chronick⸗Schreiber / ſo Anno
1973 5276 3725 5387 1086. geſtorben / gelebt hat / und darinn der letz⸗
1967 5386 3726 5496 te Graff von Ritberg / deß vorigen Ge⸗
1971 5496 3726 5611 ſchlechts / Herr zu Eſens / Stedesdorff / und
1970 5610 3727 5722 Witmund / Namens Johannes / ſo den 9. De-
1960 5720 3727 5833 cembris, Anno 1562. geſtorben / begraben ligt.
1949 5833 3728 5954 Auſſer dieſen vornehmen jetzt erzehlten / ſeyn zu
1973 5944 3728 6056 Cölln auch 10. Pfarrkirchen / heutigs Tags /
1966 6051 3729 6179 als 1. zu S. Columba. 2. Zu S. Martin dem
