3870 6490
199 404 1901 546 Kleinern / darinn / jährlich / den 7. Octobris,
221 519 1898 658 die Gedächtnuß der Heiligen Sergii, und Bac-
221 634 1896 775 chi, gehalten wird. 3. Zu S. Lorentzen / die
150 742 1904 888 wol 14. Prieſter / und ein jeder ſeinen Altar /
199 834 1889 1003 hat; und in welcher 30. Häupter von S. Urſu-
201 956 1896 1116 lae Gesellschaft auffbehalten werden. Der
213 1071 1906 1216 Haupt⸗Altar iſt da ſonderlich zu ſehen / den
141 1179 1906 1321 Anno 1632. Herr Herman / Freyherr von
213 1294 1907 1443 Oueſtenberg / Käyſerlicher Cammerherr /
209 1400 1908 1537 und Reichs⸗Hoffrath; und ſeine Gemahlin /
210 1524 1908 1658 Frau Eliſabetha Conſtantia / geborne von
214 1631 1904 1767 Lyskirchen / haben ſetzen laſſen; wie dann die⸗
210 1732 1900 1878 ſer Herr / wie auch Herr Caſpar von Queſten⸗
177 1846 1901 1993 berg / Abbt zum Strahoff / zu Prag / und Ge-
210 1953 1911 2100 neral-Viſitator deß Præmonſtratenſer Or⸗
211 2062 1911 2204 dens / durch Hungarn / Böheim / Polen /
144 2182 1893 2333 Oeſterreich / ꝛc. und Gerhardus, Freyherr von
216 2286 1898 2419 Queſtenberg / Käyſerlicher Cammerherr / und
212 2394 1894 2531 Hoff⸗Kriegsrath / eines Adelichen Cöllniſchen
214 2500 1893 2639 Geſchlechts / ſeyn / und von dannen ihren Ur⸗
211 2615 1914 2760 ſprung haben. 4. S. Albani Pfarrkirch / bey
213 2714 1915 2857 welcher nahend die Wag / ein anſehenlich
211 2828 1915 2977 Hauß / Gurtzenich genannt / und dabey das of⸗
186 2937 1904 3083 fentliche Gaſterey⸗Hauß / ſeyn. 5. Zu S.
212 3052 1897 3195 Peter / in deren Bezirck die Grufft gewieſen
176 3160 1903 3296 wird / da die heilige Urſula eingekehrt / als ſie
212 3268 1903 3415 erſtlich / auß Engelland / hieher kommen iſt.
213 3383 1898 3521 Gegen über ſtehet deß Herrn Graven Jodoci
217 3495 1899 3633 Maximiliani von Gronßfeld Hauß / in wel⸗
213 3609 1902 3746 chem der Ertzbiſchoff zu Meyntz / Herr Ans-
213 3707 1899 3851 helmus Caſimirus, in ſeiner Flucht / ein Zeit⸗
224 3822 1901 3960 lang gewohnet hat; und darinn die verwittibte
213 3931 1900 4073 Königin / Frau Maria von Medicis, die auß
214 4045 1919 4189 Franckreich gewichen / und endlich ſich hieher
225 4153 1906 4298 begeben / geſtorben. So iſt in ſolcher Pfarr
215 4265 1903 4402 auch der Kirſchner Zunffthauß / der Bund⸗
216 4373 1903 4520 wercker Zunfft genannt; und in ſolchem deß
215 4485 1906 4621 Arnoldi Colini, und Johannis Acheni, ſehr
216 4590 1904 4734 künſtliche Gemählde; in der beſagten S. Pe⸗
220 4713 1904 4842 ters Kirch aber / eine Tafel / neben S. Annæ
214 4821 1909 4957 Altar / darinn zu ſehen / wie auß einer Ehe 30.
216 4938 1905 5063 Kinder kommen ſeyn. 6. Zu Unſer lieben
219 5042 1905 5187 Frauen am Geſtad. 7. S. Lupi. 8. S. Jaco-
221 5151 1903 5286 bi. 9. S. Johannis Baptiſtæ. 10. Der H.
221 5267 1908 5417 Jungfrauen Marien / zum Ablaß. 11. S. Pau-
224 5376 1929 5509 li, auſſerhalb deren eines bekehrten Juden
225 5487 1930 5618 Grabmahl iſt / welcher gewollt hat / daß man
227 5601 1930 5729 der getaufften Juden Auffrichtigkeit ſo viel
221 5717 1932 5839 trauen ſolle / als der Einigkeit der Katzen / und
222 5826 1906 5954 Mauß; oder deß Hunds / und Haſens. 12. S.
230 5932 1909 6063 Severini. 13. Der H. Brigidæ. 14. S. Mau-
231 6050 1918 6202 ritii. 15. Der H. Apoſtel / in der obgedachten
1932 402 3609 514 Stifftskirchen dieſes Namens. 16. S. Cuni-
1923 513 3612 627 berti, auch in obgemeldter Stifftskirchen
1917 624 3610 740 gleiches Namens. 17. S. Chriſtophori. 18.
1910 739 3616 852 S. Johannis Evangeliſtæ, im Rahthauſe; und
1905 847 3615 961 dann 19. die Pfarrkirch B. Mariæ Virginis,
1905 959 3604 1070 in paſculo. Uber dieſe benamſte / hat es noch
1905 1065 3613 1179 mehr Gottshäuſer zu Cölln; als / erſtlich / S.
1905 1176 3695 1293 Catharinæ, deß Teutſchen Ritter⸗Ordens.
1906 1284 3619 1396 2. SS. Joannis, und Cordulæ, vorzeiten
1907 1395 3618 1511 der Rhodiſer / hernach der Malteſer Ritter /
1911 1511 3685 1622 jetzt deß Hieroſolymitaniſchen Ordens Re-
1910 1616 3612 1734 ligioſorum Fratrum Presbyterorum, ſo
1910 1728 3625 1841 von einem Commendatore regiert werden /
1911 1838 3659 1953 einen ſchwartzen Rock / und an demſelben ein
1911 1948 3627 2064 genehetes weiſſes Creutz tragen. 3. S. Anto-
1911 2058 3631 2169 nii Hauß / darinn Geiſtliche wohnen / ſo der
1912 2165 3624 2277 Krancken warten / und deren Vorſteher / ſo
1917 2277 3626 2399 der fürnehmſte dieſes Antoniter Ordens in
1919 2385 3627 2499 Teutſchland iſt / Generalis Præceptor ge⸗
1915 2494 3686 2609 nannt wird. Iſt umbs Jahr 1095. in Franck⸗
1915 2606 3627 2718 reich geſtifftet worden. 4. Die Kirch zum H.
1915 2714 3634 2829 Leichnam / oder Corporis Chriſti, da regulir⸗
1916 2820 3643 2937 te Chorherren ſeyn. 5. Das Gottshauß in
1917 2920 3636 3045 Weidenbach / zur heiligen Dreyfaltigkeit / und
1918 3034 3635 3156 S. Michael / deſſen Geiſtliche einen gemei⸗
1923 3150 3637 3263 nen Tiſch haben / und insgemein leben / auch /
1923 3261 3638 3374 vermög Käyſers Friderici IV. Bull / immer⸗
1923 3369 3636 3488 währende der Käyſer Capellän ſeyn. 6.
1923 3477 3631 3594 Die Carthauß / ſo wie ein Einöde gelegen /
1924 3593 3632 3706 und faſt in die 30. Perſonen erhalten kan. Unter
1923 3701 3630 3813 den berühmten Leuten / ſo darinnen gelebt /
1923 3811 3629 3926 ſeyn Wernerus Rolevinc, und Laurentius
1924 3926 3667 4038 Surius, der vieler Heiligen Leben beſchrieben
1927 4033 3640 4153 hat / geweſen. So war der Stiffter dieſes
1927 4141 3648 4260 Ordens / S. Bruno, der An. 1101. den 6. Octo-
1926 4259 3634 4367 bris in Calabria geſtorben / eines Adelichen
1927 4357 3636 4482 Cöllniſchen Geſchlechts. 7. Deß H. Creu⸗
1927 4478 3635 4594 tzes Kloſter / und Kirch / den Predigern / oder
1928 4585 3632 4702 Dominicanern / gehörig / darinn Albertus
1929 4698 3637 4817 Magnus, der Anno 1280. geſtorben / begraben
1930 4810 3636 4928 ligt. 8. Das Franciſcaner Kloſter / und
1934 4924 3635 5037 Kirch / allda Joannes Duns, Scotus, und
1935 5030 3638 5152 Doctor Subtilis zugenannt / ruhet. 9. Der
1933 5142 3632 5264 Carmeliten Kloſter / die deß Jahrs 1198.
1931 5259 3639 5374 auff Cölln kommen ſeyn. 10. Der Eremi⸗
1932 5369 3633 5484 taner Brüder / S. Auguſtini Ordens / Klo⸗
1933 5480 3736 5599 ſter / und Schul / die Anno 1641. den 13. No-
1933 5577 3645 5709 vembris, allda auffgerichtet worden / fünff
1934 5700 3634 5817 Claſſes, ein feine Liberey / und Kunſtreiches
1935 5813 3633 5937 Gemählde hat. Gegen über / im Metter⸗
1936 5927 3632 6048 nichiſchen Hauſe / iſt ein Heydniſcher Gang
1936 6037 3656 6153 unter der Erden / mit alten gegoſſenen Mau⸗
