3870 6490
251 356 1924 492 ren / ſo einen weit fort führet. 11. Die Sam⸗
295 462 1926 607 lung / oder Kloſter deß Ordens deß H. Creu⸗
222 575 1929 711 tzes / oder der Creutzträger / oder Creutzbrüder /
297 689 1931 828 ſo ſeinen Anfang bekoen / als die Teutſchen /
291 799 1929 933 und Francken / nach dem Gelobten Lande
256 910 1929 1052 hauffenweiſe gezogen ſeyn; welche dann ſich
284 1023 1928 1159 mit dem Creutz bezeichnen laſſen / und ſolches
284 1131 1950 1271 an den Kleidern / auch nachdem ſie wieder nach
288 1242 1950 1374 Hauß gelangt ſeyn / getragen haben. Und hat
283 1353 1951 1490 ſich ſolcher Orden ſonderlich umbs Jahr
272 1469 1953 1596 1248. erhebt / als König Ludwig der Heilige /
278 1581 1953 1713 auß Franckreich ſich dahin begeben / der / nach
271 1700 1931 1820 ſeiner Wiederkunfft / mit Herrn Friederichen /
272 1811 1938 1926 Graffen von Sorbona / einen Ort vertauſcht /
281 1921 1937 2040 und / zu Pariß / Anno 1258. das Kloſter dieſes
266 2031 1959 2150 Ordens geſtifftet hat. Das erſte in Teutſch⸗
265 2148 1943 2258 land iſt Anno 1298. nahend Cölln / von
261 2259 1944 2374 Graff Adolphen vom Berg erbauet wor⸗
278 2362 1950 2483 den / ſo man hernach / nach dem bey dem Clo⸗
262 2473 1945 2597 ſter erbauten Schloß Bienburg / ſonſten
265 2581 1945 2702 aber das ſteinerne Hauß / genannt hat. Dar⸗
283 2697 1951 2812 auff im Jahr 1307. und ſolgenden / das Cöllni⸗
269 2802 1957 2920 ſche kommen iſt. In der Freyen Herrſchafft
266 2906 1957 3027 Wickrode iſt auch ein ſolcher Convent / und
275 3022 1954 3136 Pfarrkirche; die andere beede Kirchen aber ſol⸗
303 3131 1958 3240 cher Herrſchafft / ſeyn einer andern Religion.
281 3242 1962 3352 Es hat dieſer Orden ſeinen Magiſtrum Ge-
281 3347 1961 3465 neralem. 12. Das Collegium, und Kirch /
283 3461 1954 3582 der Jeſuiter / die erſtlich im Jahr 1542. gen
281 3574 1951 3683 Cölln kommen ſeyn. Was allda vom Igna-
284 3684 1974 3791 tio Lojola, und Franciſco Xaverio, gewieſen
290 3793 1975 3908 wird / das ſetzet Gelenius pag. 510. Der Jeſui⸗
289 3905 1976 4014 ter Præpoſitus Generalis, Gosvvinus Nickel,
242 4009 1976 4129 iſt lange Zeit deß Jeſuitiſchen Collegii allhie
271 4124 1977 4235 Rector, und am untern Rheinſtrom / Præpo-
285 4232 1978 4348 ſitus Provincialis, geweſen. 13. Die Kirch /
301 4341 1978 4457 und Kloſter zu S. Agnes / insgemein zu den
282 4455 1976 4566 Oliven genannt / Franciſcaner Ordens / der
290 4564 1980 4680 engern Obſervantz. 14. Die Kirch / und Klo⸗
285 4673 1980 4792 ſter der Capuciner. 15. S. Brigitten Klo⸗
284 4786 1981 4899 ſter in Sejen, oder Syon, oder S. Salvatoris, bee⸗
286 4891 1978 5015 der Geſchlechts / doch mit einer Mauer unter⸗
283 5006 1975 5126 ſcheiden / und wie in ein Einöde eingeſchloſſen /
281 5117 1981 5240 ſo ſich keiner weltlichē Händel annehmen / ſon⸗
274 5222 1976 5349 dern die Männer / den Weibsperſonen / an
280 5336 1974 5458 ſtatt der Capellän / dienen; dieſe aber jenen / die
290 5444 1976 5576 Speiſen in Körben darreichen. 16. Die
261 5555 1973 5685 Kirch / und Kloſter der barfüſſigen Carmeli⸗
280 5668 1968 5799 ter⸗Mönch / zu S. Joſeph / und Tireſia /
279 5782 1965 5912 die erſtlich Anno 1613. auff Cölln kommen
273 5890 1961 6022 ſeyn; aber ihre Kirch allererſt Anno 1628. ge⸗
271 6006 1960 6164 weihet worden iſt. 17. Der Brüder zu den
1942 336 3652 456 Longen / oder Cellitarum, oder Alexiano-
1942 450 3708 558 rum, ſo ihren Rectorem haben / und unter der
1948 553 3659 679 Regul S. Auguſtini insgemein leben; willige
1949 670 3661 787 Armuth / und Keuſchheit / ihnen vorgeſetzt
1950 787 3663 899 haben; der Armen ſo wol / als der Reichen /
1948 897 3663 1014 Cörper / an welcher Kranckheit ſie auch ſter⸗
1949 1007 3662 1125 ben / zu Grabe tragen; und ihres Lebens Noth⸗
1950 1122 3663 1237 durfft / mit der Arbeit ihrer Hände / und
1951 1226 3664 1352 Chriſtlicher Leute Allmoſen / zu wegen brin⸗
1952 1351 3665 1460 gen. Es ſeyn noch mehrere / und zwar nach⸗
1954 1457 3665 1570 folgende Nonnen⸗Klöſter / zu Cölln / als 1. der
1955 1566 3663 1688 Benedictiner Ordens Jungfrauen zu den
1956 1671 3666 1797 Machabæern. Ehe die heilige drey Könige /
1958 1795 3667 1909 wie mans nennt / ſat S. Felice, S. Nabore,
1959 1904 3670 2022 und den acht Cörpern der heiligen Machabæ⸗
1960 2018 3667 2136 er / von dem Ertzbiſchoff Reginaldo, auß Ita-
1961 2132 3670 2243 lia, nach Cölln / ſeyn gebracht worden / ward
1963 2238 3674 2358 dieſer Platz mehrertheils Ager S. Urſulæ,
1965 2342 3675 2470 Item / der Blut⸗Acker / genannt / weil
1965 2462 3675 2580 allda dieſe Geſellſchafft iſt hingerichtet wor⸗
1966 2573 3677 2692 den. Und ſeyn noch allhie viel derſelben hei⸗
1967 2683 3678 2800 ligen Jungfrauen Gebeiner / durch die gan⸗
1973 2794 3679 2921 tze Kirch / mit einem zähen Leim zuſammen ge⸗
1975 2905 3678 3026 macht / zu ſehen / die Anno 1504. Elias Mar-
1974 3016 3699 3137 cæus, der Jungfrauen / oder Nonnen / zu
1974 3118 3681 3245 den Machabæern / Beichtvatter / in verwun⸗
1981 3228 3693 3358 derlicher Ordnung geſtellet hat. 2. S. Claræ
1976 3332 3680 3473 Jungfrauen⸗Kloſter / deß Ordens S. Fran-
1976 3452 3680 3580 ciſci; auß welchem noch ein anders Klöſter⸗
1977 3563 3714 3694 lein / in der Strickgaſſe / entſtanden / ſo die re⸗
1978 3673 3674 3808 formirten Clariſſer Schweſtern genennt wer⸗
1979 3786 3673 3923 den. 3. Ein Jungfrauen⸗Kloſter / Ciſterzer
1980 3890 3722 4032 Ordens / ſo der H. Jungfrauen Mariæ Gar⸗
2001 4026 3669 4142 ten genannt wird; allda etliche Reliquien von
2000 4121 3668 4257 S. Eliſabeth / der Landgräfin in Heſſen /
1985 4231 3726 4369 auffbehalten werden / auch daſelbſt der wey⸗
1997 4349 3667 4478 land gelehrte Graff Herman von Nuenar /
1992 4457 3664 4592 oder Neuenar / Probſt deß Hohen Stiffts
1978 4568 3661 4699 Cölln / ein Sohn Graff Wilhelms von Nue⸗
1976 4679 3657 4822 nar / ſeine Ruheſtatt hat; welcher Anno 1530.
1974 4788 3662 4933 im 39. Jahr ſeines Alters / zu Augſpurg ge⸗
1972 4899 3661 5040 ſtorben iſt. 4. Der Regulirten Jungfrauen⸗
1969 5011 3658 5147 Kloſter zu S. Maximin. 5. Der H. H. Bar-
1967 5131 3658 5273 tholomæi, und Apri, Kloſter / darinn Jung⸗
1966 5238 3657 5373 frauen deß Ciſterzer Ordens / und daſelbſt das
1964 5350 3655 5493 Grab Chriſti / nach Form deſſen zu Jeruſa⸗
1965 5465 3731 5605 lem / zu ſehen. 6. Das Jungfrauen⸗Kloſter
1959 5578 3649 5717 zu S. Agatha / deß Ordens S. Benedicti. 7.
1957 5687 3655 5825 Das Jungfrauen⸗Kloſter zu S. Moritzen /
1954 5806 3714 5935 auch Benedictiner⸗Ordens / ſat einer Pfarr⸗
1952 5912 3650 6045 kirch / von welcher oben. 8. Das Kloſter zu
1971 6018 3650 6178 S. Maria Magdalena / oder zur Frauen Alb /
