3870 6490
230 431 1922 567 der regulirten Jungfrauen S. Auguſtini Or⸗
242 536 1922 671 dens. 9. Die Kirch / und Kloſter zu S. Ger⸗
242 650 1921 776 trud / auff dem Neuen Marckt / darinn Jung⸗
240 762 1921 893 frauen deß Prediger Ordens. 10. Zu Unſer
237 875 1920 997 Frauen / im gröſſern Nazareth / ein Jungfrau⸗
241 977 1920 1108 en⸗Kloſter S. Auguſtini Ordens. 11. Zu S.
240 1094 1919 1215 Anna, im Lamb / Capucinerin / von welchen
234 1205 1916 1326 Nonnen / item / den Capucinern / und andern
233 1316 1916 1442 Franciſcanern / ihrer Stifftung / und Reguln /
233 1426 1916 1548 oberwehnter Gelenius, Syntagm. 63. gar viel
236 1537 1917 1657 ſchreiben thut. 12. Das Kloſter der Schwe⸗
236 1645 1917 1772 ſtern S. Claræ, der Erſten Regul am Neu⸗
233 1754 1917 1873 marckt. 13. Ein anders S. Claren Kloſter /
233 1869 1916 1986 auch der erſten Regul / in der Klockergaß / ins⸗
231 1977 1916 2097 gemein Marien⸗Tempel genannt. 14. S. Rei-
234 2089 1916 2204 noldi Nonnen⸗Cloſter / deß Ordens S. Augu-
235 2193 1915 2309 ſtini. Beſagter Reinoldus, ein Mönch / iſt
194 2299 1916 2427 allhie / zu Cölln / gemartert worden; deſſen Re⸗
234 2419 1916 2532 liquien auff Dortmund kommen ſeyn. 15.
231 2527 1915 2637 Das Cloſter S. Bonifacii, darinn Jungfrauen
232 2631 1917 2751 deß Franciſcaner Ordens ſich auff halten. Sie
227 2737 1918 2859 hatten ſeithero deß Jahrs 1527. ein Meer⸗
237 2849 1918 2969 Schnecken / ſo noch Anno 1645. und vielleicht
234 2963 1918 3079 auch die folgende Jahr gelebt hat: darauß die⸗
208 3076 1919 3188 ſes Thierleins Langwierigkeit erſcheinet. 16.
235 3185 1919 3295 Der regulirten Jungfrauen zu S. Nicolao,
234 3288 1920 3408 im Burghoff. 17. S. Michaëlis Kloſter der
236 3401 1920 3519 regulirten Jungfrauen S. Auguſtini Ordens /
236 3501 1920 3627 nahend S. Cæcilien. 18. Das Kloſter zu S.
236 3621 1921 3732 Maria Magdalena / zu der Buß / insgemein
238 3732 1922 3845 in Bethlehem genannt / S. Auguſtini Ordens /
237 3843 1921 3953 darein / heutigs Tags / Jungfrauen genom⸗
241 3952 1922 4066 men werden / ſo eingeſchloſſen ſeyn / ſich von
239 4063 1924 4175 ihrer Handarbeit / und dem Allmoſen / das 2.
175 4171 1925 4287 Schweſtern auff den Gaſſen ſamblen / erhal⸗
239 4282 1927 4399 tende. Vorzeiten wurden die unzüchtige
241 4395 1928 4507 Weiber / ſo Buß gethan / da eingeſperrt. 19.
240 4503 1928 4618 Das Benedictiner Jungfrauen⸗Kloſter in
240 4615 1930 4726 der Clauß / zu S. Johann dem Täuffer. 20.
241 4723 1931 4839 Die Kirch / und Kloſter zu S. Vincentz / und
244 4835 1931 4953 S. Maria Ægyptiaca, der dritten Regul
242 4944 1930 5056 S. Franciſci. 21. Das Kloſter zum Lämb⸗
248 5056 1931 5171 gen / auff der Burgmauer / darinn Jungfrau⸗
233 5164 1931 5278 en S. Auguſtini Ordens. 22. Das Jung⸗
245 5277 1930 5388 frauen⸗Cloſter zu Unſer Frauen in Bethle⸗
246 5385 1928 5505 hem / in der Römergaſſen / der dritten Regul
249 5493 1931 5615 S. Franciſci. 23. S. Luciæ, im Viltzengra⸗
246 5610 1934 5718 ben / deß Ordens der Dienerin / oder Servitis-
249 5716 1934 5838 ſarum B. Mariæ Virginis. 24. Der Carmeliter
185 5820 1932 5946 Nonnen⸗Kloſter in der Buttgaſſen / zum Ma⸗
248 5938 1937 6058 rienberg. 25. Der barfüſſigen Jungfrauen
252 6050 1933 6186 deß Carneliter Ordens / in der Kuppergaſ⸗
1888 411 3699 541 ſen / ſo Anno 1630. mit ihrer Priorin / Anna
1889 533 3699 650 de Jeſu, von Hertzogenbuſch / hieher kommen
1889 645 3700 758 ſeyn. Und dieſe ſeyn unter dem Herrn Ertz⸗
1890 757 3700 872 biſchoff. 26. Ein anders der barfüſſigen Car⸗
1890 860 3701 982 meliterin Kloſter / zur H. Jungfrauen Ma⸗
1891 977 3701 1093 ria vom Frieden genannt / ſo unter der Regie⸗
1891 1084 3702 1199 rung der Mönche ihres Ordens / und diei m
1892 1193 3702 1320 Jahr 1637. von Brüſſel nacher Cölln ge⸗
1892 1303 3703 1421 langt ſeyn / und denen die alte Königin auß
1893 1419 3703 1535 Franckreich / Maria Medicæa, ſo An. 1641.
1893 1523 3704 1643 den 3. Julii zu Cölln geſtorben / in ihrem Te⸗
1894 1632 3704 1756 ſtament / der H. Jungfrauen Marien Bild⸗
1894 1744 3705 1865 nuß / auß dem Wunderbaum zu Scharpffen⸗
1895 1851 3705 1975 bühel / verſchafft hat. 27. Das Jungfrau⸗
1895 1959 3706 2084 en⸗Kloſter zu S. Ignatio, dem Biſchoff / und
1896 2072 3706 2193 Märtyrer / der dritten Regul S. Franciſci.
1896 2185 3707 2304 28. Das Kloſter zu S. Apollonien / insge⸗
1897 2291 3707 2407 mein im Mommersloch genannt. 29. Ein
1897 2399 3708 2524 Weiber⸗Convent / oder Samblung / der Cel-
1898 2515 3708 2630 litarum Ordens / unter der Regul S. Augu-
1898 2623 3709 2737 ſtini, im kleinern Nazareth. 30. Das Jung⸗
1899 2731 3709 2851 frauen⸗Kloſter der dritten Regul S. Franciſci,
1899 2842 3710 2954 im untern Lamb / der breiten Gaſſen / die im
1900 2950 3710 3083 Jahr 1645. ein anſehenlich Gebäu auffge⸗
1900 3061 3710 3179 richtet. 31. Das Jungfrauen⸗Kloſter / oder
1901 3169 3711 3289 Convent / zum Loffs / oder Laude, auch
1901 3283 3711 3398 der beſagten dritten Regul / ſonſten Mona-
1901 3391 3712 3511 ſterium B. Mariæ Virginis ſine macula con-
1902 3495 3712 3623 ceptæ genannt. 32. Die Urſulinæ Virgines,
1902 3609 3713 3729 ſo andere / als die obgedachte zu S. Urſula,
1903 3718 3713 3839 ſeyn. Dann dieſe erſt Anno 1639. auff Cölln
1903 3831 3714 3949 kommen / und noch im Jahr 45. keinen beſtän⸗
1904 3937 3714 4055 digen Ort in der Stadt gehabt haben. Seyn
1904 4048 3715 4171 Auguſtiner Ordens / und hat ihre Stiffterin /
1905 4159 3715 4281 Angela Brixiana, ſo Anno 1540. den 21. Mer⸗
1905 4267 3716 4389 tzen / geſtorben / für die Weibs⸗ gleichwie
1906 4379 3716 4504 die Jeſuiter für Manns⸗Perſonen / Schulen
1906 4490 3717 4613 auffgerichtet. 33. Die Beginen / oder Schwe⸗
1907 4597 3717 4726 ſtern / im Cederwald / deß Celliter Ordens /
1907 4710 3718 4838 unter der Regul S. Auguſtini, ſo willige Ar⸗
1908 4820 3718 4949 muth leiden. 34. Andere dergleichen Ordens /
1908 4930 3719 5052 und Regul / Schweſtern in der Cellen. 35. Die
1909 5046 3719 5168 Beginen / oder Schweſtern / zu S. Urſula, in
1909 5155 3720 5278 der groſſen Vereinigung / oder Samblung /
1910 5262 3720 5386 oder im verbrannten Convent / auff S. Mar⸗
1910 5375 3721 5495 cellen Straß. 36. Der Celliter Schweſtern
1911 5484 3721 5610 Convent / zu S. Eliſabeth / in S. Antonii Gaſ⸗
1911 5592 3722 5721 ſen; welcher Beginen Samblung die erſte /
1912 5707 3722 5822 oder ältiſte / deß Celliter Ordens / unter der
1912 5817 3723 5945 Regul S. Auguſtini, ſeyn ſolle. 37. Der Be⸗
1913 5930 3723 6054 ginen / oder Schweſtern Convent / vorgedach⸗
1913 6036 3724 6169 ten Ordens / in der Affterſtraß / zum Denandt;
