3870 6490
1920 383 3780 533 meldter Gelenius davon / im erſten Buch / und
1919 515 3778 643 ſagt / Syntagm. 2. daß zwar Anno 1388. dieſel⸗
1918 626 3777 762 be vom Pabſt Urbano VI. beſtättiget worden;
1917 738 3776 865 es ſeye aber auch vorher allbereit ein Gymnaſi-
1917 851 3775 982 um, bey welchem die H. Schrifft / und andere
1915 947 3774 1092 Wiſſenſchafften / gelehrt worden / allda gewe⸗
1915 1071 3773 1205 ſen. In der Theologiſchen Facultät ſeyn 12.
1914 1179 3772 1320 Profeſſores. Die Juriſten haben auch ein
1913 1297 3771 1434 zimliche Anzahl; wie deßgleichen die Philoſo-
1912 1411 3770 1545 phi, in den 3. unterſchiedlichen Gymnaſiis,
1911 1514 3769 1652 Montano, Laurentiano, und Novo, zu den 3.
1910 1622 3768 1757 Cronen. Die Medici haben am wenigſten.
1909 1735 3768 1905 Die vier Proviſores ſolcher Hohen Schul /
1908 1856 3438 1972 ſeyn deß Burgermeiſterlichen Standes.
1907 1961 3766 2096 Was dieſer Stadt Cölln Zuſtände insge⸗
1906 2082 3765 2208 mein anbetrifft / ſo wollen theils / daß ſie / umbs
1905 2179 3764 2313 Jahr Chriſti 62. unter der Regierung Käy⸗
1904 2303 3763 2431 ſers Neronis, durchs Wetter angezündet / faſt
1903 2413 3762 2544 gantz abgebronnen ſeye; als kaum eilff Jahr
1902 2524 3761 2651 zuvor / die Käyſerin Julia Agrippina, deß Ger-
1901 2635 3760 2768 manici, und Juliæ Agrippinæ, Tochter / und
1900 2742 3759 2887 wegen ihres beſagten Vatters / Germanici,
1899 2842 3758 2991 Cæſaris, deß Druſi, und Antoniæ minoris;
1898 2962 3757 3101 von der Mutter her aber / deß Marci Agrippæ,
1897 3071 3756 3208 und der Juliæ, Käyſers Auguſti Tochters /
1896 3174 3755 3317 Enicklin / eine / von ihrem Eheherrn / dem
1895 3287 3754 3429 Käyſer Claudio, erlangte Coloniam Ve-
1894 3404 3753 3538 teranorum, zu Vermehrung dieſer ihrer
1893 3503 3752 3657 Geburtsſtatt / hieher geſetzt hatte; wiewol
1892 3621 3751 3768 theils ſolche Brunſt vielmehr von der Colonia
1891 3737 3750 3876 Lugdunenſi, oder Lyon in Franckreich / ver⸗
1890 3842 3749 3997 ſtehen. Alſo wird auch die Verwüſtung
1889 3954 3748 4097 dieſer Stadt / von etlichen / dem Civili Ba-
1888 4068 3747 4212 tavo zugeſchrieben; da doch das Vbiſche /
1887 4178 3746 4324 oder Cöllniſche Land / und deſſen Einwohner /
1886 4290 3745 4436 vielmehr / als die Stadt ſelbſten / Schaden
1885 4401 3744 4547 gelidten haben. Nachdem umbs Jahr Chriſti
1884 4517 3743 4663 262. der Käyſer Valerianus, von den Perſen /
1883 4626 3742 4774 gefangen worden / und darauff 30. Tyran⸗
1883 4740 3741 4886 nen / in unterſchiedlichen Römiſchen Provin⸗
1882 4847 3740 4998 tzen / entſtanden / ſo nach dem Reich getrach⸗
1881 4958 3739 5109 tet haben; ſo hat / unter denſelben / Poſthumus
1880 5073 3738 5220 Gallus, den Cornelium Salonium, deß Gallie-
1879 5182 3737 5332 ni Sohn / in dieſer Stadt belagert; auch Ih⸗
1878 5294 3736 5445 ne / als Ihme die Stadt / von den Burgern /
1877 5407 3735 5556 und Kriegsvolck / auffgeben worden / in
1876 5517 3734 5667 derſelben umbgebracht. Zu deß heiligen Bi⸗
1875 5626 3733 5778 ſchoffs Severini Zeiten / umbs Jahr Chri⸗
1874 5746 3732 5886 ſti 355. iſt Cölln / von den Francken / und an⸗
1873 5858 3732 5999 dern Teutſchen / gar lang belagert / erobert /
1872 5970 3731 6115 und zerſtöret worden. Anno 406. machten ſich
1871 6084 3730 6236 abermals unterſchiedliche Teutſche Völcker
279 416 1921 538 ſonſten der allerheiligſten Dreyfaltigkeit ge⸗
226 519 1926 652 weihet. Auff dieſe groſſe Menge Klöſter / fol⸗
284 634 1928 762 gen die Hoſpitäl / und dergleichen Häuſer / als /
284 744 1929 866 das zu Allen Heiligen / zu S. Heribert / ſat
279 854 1927 974 der Kirch; zu S. Maria Magdalena / S.
279 969 1927 1086 Martin dem Gröſſern / zu S. Jodoco, S. Qui-
274 1079 1925 1196 rino, S. Agnes / zum H. Geiſt auffm Thum⸗
273 1190 1948 1313 hoff / zu S. Urſula, oder Weuelinghoven in der
271 1290 1949 1420 Stolinghgaſſe; zu S. Lorentzen / bey S. Jo⸗
271 1412 1950 1529 hann dem Täuffer; in Ipperwald / bey der
262 1521 1951 1641 Stadt Zeughauß / in welchem auch allwegen /
264 1633 1952 1749 im ſiebenden Jahr / die Pilgram von den Hun⸗
265 1745 1954 1859 gariſchen Gräntzen / ſo auff Cölln Walfarten
257 1858 1955 1972 kommen / beherbergt werden. Ferners / das
261 1968 1956 2084 ſchöne Spital zu S. Johann / in der breiten
238 2077 1957 2195 Gaſſen; item / das zum H. Creutz; das Findel⸗
264 2188 1959 2307 hauß zu S. Nicolao; das Spinnhauß / auff der
267 2301 1960 2414 Frieſenſtraß / für die Vertriebne; ſat unter⸗
270 2406 1961 2533 ſchiedlichen Allmoſen / und hülffreichen Or⸗
271 2528 1936 2637 ten mehr. Und dann folgen endlich auch die
282 2631 1936 2744 Kirchen / die man nur Capellen nennet / ob⸗
280 2744 1938 2856 woln theils an gröſſe / und weite / andere Tem⸗
280 2854 1941 2963 pel übertreffen; deren ſehr viel ſeyn; und / unter
283 2966 1942 3071 denſelben / die zu Unſer Frauen in Jeruſalem /
285 3076 1948 3179 wo / vorzeiten / die Juden ihr Synagog hatten /
286 3178 1949 3291 ehe ſie Anno 1425. auff S. Bartholomäi
283 3288 1948 3401 Tag / von Cölln verjagt worden ſeyn. Und
281 3399 1943 3511 in ſolcher Capell höret E. E. Rath dieſer
283 3511 1936 3622 Stadt / alle Wochen 3. mal / nemlich an jedem
277 3617 1954 3735 Rathstage / Meß; daſelbſten auch ein Bild⸗
279 3728 1954 3847 nuß der Mutter Gottes / auß dem Scharpfen⸗
281 3840 1932 3954 büheliſchen Holtz / oder dem Sichemiſchen
287 3948 1928 4065 Baum / mit Gold / und Perlen / ſchön einge⸗
278 4052 1933 4169 faſſt / zu ſehen; ſo die Infantin Iſabella Clara
281 4167 1931 4283 Eugenia, zu Brüſſel / der Königin in Franck⸗
276 4280 1948 4397 reich / Mariæ Mediceæ, dieſe aber wolgedach⸗
256 4386 1950 4513 tem E. E. Hochweiſen Rath allhie / verehret
250 4495 1952 4624 hat. Das Gemählde an dem gröſſern Altar
278 4605 1953 4727 dieſer Capellen / wird / von den Frembden / we⸗
276 4718 1929 4842 gen ſeiner Kunſt / mit Verwunderung beſich⸗
273 4823 1928 4957 tiget. Von den andern Capellen / ſiehe offt⸗
276 4944 1927 5066 ernannten Gelenium; als der ſie nach dem
270 5050 1928 5176 a / b / c. erzehlet; auch Syntagm. 136. die
270 5158 1926 5291 Schrifften / ſo vornen an dem Rahthauſe ſte⸗
264 5274 1922 5403 hen; wie deßgleichen bey den erwehnten Capel⸗
259 5384 1922 5511 len / die Collegia, Burſen, Bibliothecken / ꝛc.
263 5494 1921 5623 wie nicht weniger die Capellen / und Altär / ſe⸗
262 5608 1917 5738 tzet / ſo hin und wieder in den Häuſern zu fin⸗
263 5713 1914 5847 den / und beſchlieſſt damit ſein drittes Buch.
260 5818 1910 5960 Was die Univerſität / oder Hohe Schul all⸗
255 5937 1907 6071 hie anbelangt / deren Rector gleich nach dem
254 6045 1904 6191 Päbſtlichen Nuncio gehet / ſo handelt erſtver⸗
