3870 6490
306 409 1975 538 an Cöln; bekamen auch die Francken dieſe
305 538 1964 646 Stadt in ihren Gewalt. Daher dann das für⸗
300 647 1984 759 treffliche Buch / Notitia utriusque Imperii
298 756 1986 871 genannt / ſo zu dieſer Zeit gemacht worden / deß
296 867 1984 980 Ducis und Præſidis Germaniæ Secundæ
293 975 1981 1091 nicht gedencket; obwol in demſelben die Wür⸗
289 1085 1981 1203 den oder Aembter zu Fried⸗ und Kriegszeiten /
289 1199 1977 1317 durch Galliam Belgicam, mit Benennung
284 1309 1978 1422 deß Hertzogen und Vorſtehers in Germania
285 1420 1978 1534 prima erzehlet werden; weiln damaln die Rö⸗
283 1529 1976 1642 mer von dannen / durch die Teutſchen vertrie⸗
282 1633 1974 1753 ben waren. Umbs Jahr 451. ſolle der Hunnen
279 1747 1973 1864 König Attila Cöln verheeret haben. Anno
278 1856 1972 1970 475. als der Francken König Childericus
277 1970 1970 2081 auß ſeinem exilio zurück erfordert worden /
275 2078 1969 2198 hat er ihme dieſe Stadt unterwürffig gemacht;
274 2179 1967 2298 da dann ſelbiges mal die Waſſerleitungen /
271 2294 1965 2409 und auch faſt alle andere Römiſche Werck
270 2407 1963 2517 darauff gangen ſeyn; und ward zugleich / was
263 2517 1961 2627 noch von der Lateiniſchen Sprach übrig / ab⸗
265 2625 1959 2738 gethan. Umbs Jahr Chriſti 508. nachdem
268 2734 1958 2847 Clodoveus der Francken König / deß Cölni⸗
265 2845 1956 2958 ſchen Königs Sigeberti Sohn / den Cloderi-
264 2956 1957 3068 cum umbgebracht / die Königliche Schätze
246 3062 1956 3178 geraubt / und die Grentzen ſeines Reichs biß
258 3175 1954 3291 an den Rhein erweitert / hat er ihme auch Cöln
254 3285 1953 3401 unterworffen. Anno 612. als der Burgundi⸗
256 3394 1951 3510 ſche König Dieterich ſeinen Brudern Theo-
262 3505 1950 3620 dobertum geſchlagen / iſt er / als ein Uberwin⸗
253 3614 1948 3731 der zu Cöln eingezogen / und hat deß Bruders
254 3724 1947 3843 Güter beraubet. Anno 717. iſt Carolus Mar-
253 3838 1944 3954 tellus auß den Banden der H. Plectrudis ent⸗
243 3947 1942 4063 kommen / und dieweil er noch einen Sieg wi⸗
249 4055 1941 4176 der den Frieſen Regenfredum erlangt / auch
248 4168 1941 4285 von ihme die Schätz / mit welchen die beſagte
248 4276 1939 4396 Plectrudis / neulich die Verwüſtung der
245 4382 1936 4508 Stadt Cöln / von deß Frieſen Kriegsheer ab⸗
243 4500 1933 4621 gekaufft / und verhütet / überkommen hatte; ſo
242 4609 1930 4733 iſt er ſtöltzer worden / und hat mit ſeinem
241 4716 1930 4843 Kriegsvolck die Stadt Cöln auff beſchehene
239 4827 1929 4954 Ubergab eingenommen / und der gedachten hei⸗
239 4943 1929 5064 ligen Plectrudis Enicklen / deß Cölniſchen
238 5049 1928 5174 oder Auſtraſiſchen Hertzogthumbs Erb⸗fol⸗
238 5161 1924 5285 ge oder Succeſſion / und Haußmeiſterey /
240 5270 1923 5395 ſampt den vätterlichen Schätzen mit Gewalt
235 5389 1920 5504 entzogen / und Clotharium der Francken Kö⸗
219 5492 1919 5619 nig daſelbſten für einen Herrn der Stadt
235 5598 1919 5730 außruffen laſſen. Umbs Jahr 845. haben die
235 5708 1917 5840 Könige Siffridus und Godefridus mit ihren
236 5816 1916 5948 Dänen und Normännern die Stadt und
236 5924 1917 6063 Landſchafft Cöln in den grund verwüſtet.
237 6034 1925 6174 Anno 882. haben die erwehnte Normänner
1984 434 3681 562 das / was ſeithero der jetztgedachten Verhee⸗
1981 544 3673 673 rung / kaum in etwas wieder erbauet worden /
1980 654 3673 780 auff ein neues mit Feuer und Schwerdt gantz
1978 765 3699 895 und gar vertilget / auch keines Menſchen und
1977 865 3672 1003 Standes verſchonet / ſondern alles miteinan⸗
1976 989 3672 1112 der zu grund gerichtet. In dem Leben S. Gu-
1975 1094 3672 1219 dulæ wird geleſen / daß die Normänner damaln
1973 1205 3668 1332 die Städte Cöln und Bonn mit beygelegenen
1972 1311 3667 1445 Caſtellen / Tulpich / Vulpich (das iſt / das
1971 1426 3667 1550 Schloß Fuſſenich / ſo hernach zu einem Præ⸗
1970 1541 3666 1668 monſtratenſer Cloſter worden iſt) und auch
1969 1635 3662 1773 Neuß mit Feuer verbrannt: folgends zu Aach
1967 1756 3665 1880 den Palaſt / die Clöſter Malmedier (Mal-
1966 1869 3665 1995 mundarias) und Stablo zu Aſchen gemacht
1965 1976 3665 2096 hätten. Als etliche unter dem Fürwand einer
1964 2083 3659 2207 Gewaltthat wider einen Schiffmann verü⸗
1963 2194 3660 2318 bet / S. Annonem den Ertzbiſchoff / ſo Anno
1961 2306 3653 2432 1075. geſtorben / in ſeinem Hauſe belagert / und
1960 2416 3658 2541 mit Lebensgefahr auß der Stadt verjagt; ihme
1959 2523 3655 2649 aber das Landvolck zu hülff kommen / ſo iſt dar⸗
1958 2634 3658 2756 über Cöln eingenommen und geplündert / etli⸗
1964 2742 3656 2872 che umbgebracht / theils aber gefangen genom⸗
1972 2858 3667 2980 men worden. Hergegen ward Anno 1105. dieſe
1954 2965 3652 3092 Stadt vom Kaiſer Henrico V. in dem Krieg
1953 3075 3659 3201 wider ſeinen Vattern vergebens belagert. An⸗
1952 3184 3655 3310 no 1201. hat Kaiſer Philippus mit einem groſ⸗
1951 3291 3651 3416 ſen Kriegsheer die Stadt belagert / und wofern
1949 3406 3646 3523 er ſie nicht / wie etliche wollen / eingenommen /
1949 3513 3646 3638 jedoch ſehr geängſtigt. Von andern Unfällen /
1969 3627 3645 3756 ſo dieſe Stadt gehabt / als den unterſchiedli⸗
1965 3738 3645 3860 chen Schlachten / Eroberungen und derglei⸗
1963 3850 3642 3972 chen / ſo ſich zwiſchen Conraden von Hochſte⸗
1960 3959 3642 4086 den / und Engelberten von Falckenberg / den
1946 4067 3725 4199 Ertzbiſchoffen; und dann den Burgern zu
1959 4178 3638 4303 Cöln begeben / indem jene dieſe unter ſich / und
1955 4289 3636 4417 mit Auffrichtung der Schlöſſer / und Einle⸗
1952 4404 3632 4531 gung der Beſatzungen / ſie zum Gehorſam ge⸗
1938 4513 3626 4627 bracht; dieſe aber ſolche Schlöſſer erobert / ab⸗
1942 4626 3658 4746 gebrochen / und die Soldaten verjagt: Item /
1950 4736 3632 4861 den innerlichen Kriegen / und vielfaltigen
1949 4842 3628 4966 Auffruhren / zwiſchen den Geſchlechtern / und
1945 4953 3622 5082 dem gemeinen Volck / dardurch mit Raub
1943 5067 3624 5198 und Blutvergieſſen den Inwohnern groſſer
1942 5176 3616 5295 Schade zugefüget worden iſt: Und dann den
1936 5287 3621 5412 unterſchiedlichen Brünſten / zu unterſchiedli⸗
1939 5390 3619 5526 chen Zeiten / alſo / daß faſt keine Gaſſen / kein
1939 5503 3613 5631 Gottshauß zu Cöln ſeyn ſolle / ſo / nach Er⸗
1936 5622 3620 5757 bauung der Stadt / oder von deſſen Anfang
1934 5734 3619 5863 her / vom Feuer wäre verſchonet geblieben;
1931 5842 3618 5973 ſiehe was allbereit oben beygebracht worden /
1925 5959 3603 6081 und von der Auffruhr allda / im Jahr 1513. de⸗
1921 6068 3597 6192 ren auch oben gedacht wird / Chytræum lib. 6.
