3870 6490
152 423 1939 569 Saxoniæ fol. 177. da er alſo ſchreibet: Colo-
154 540 1939 679 niæ ſeditio an. 1513. oborta, totus Senatus in
155 650 1940 776 vincula conjectus, Theſaurarius Reip. &
155 760 1920 899 Conſules Civitatis omnes, Capitis ſupplicio
156 877 1941 1004 affecti, ex Miniſtris publicis ſex ſuſpenſi
157 987 1941 1117 ſunt. Von dem Tumult oder Empörung / ſo
158 1098 1941 1229 unter dem gemeinen Volck im Mertzen Anno
159 1211 1939 1340 1634. allhie entſtanden / ſihe Kemnizium
160 1320 1939 1444 part. 2. deß Schwediſchen im Teutſchland ge⸗
161 1430 1940 1558 führten Kriegs / lib. 1. fol. 355. Und von der bey
162 1544 1942 1666 vergangenem Teutſchen Krieg zu Cöln ver⸗
163 1652 1942 1776 geblich angeſtellten Zuſammenkunfft / umb
164 1765 1943 1886 den Frieden / ſonderlich zwiſchen Franckreich
165 1880 1943 1999 und Spanien zu erhandlen / den Vittorio Siri,
166 1990 1941 2107 tomo 2. del Mercurio, lib. 2. Den 1. (11.)
167 2093 1941 2229 Junii / Anno 1651. ſeyn wieder allhie 23. Häu⸗
168 2211 1945 2322 ſer abgebronnen. Anno 1674. den 28. Monats
169 2316 1948 2443 Martii frühe / begabe ſich allhie ein Unglück /
170 2426 1948 2551 wobey ſich zugetragen / daß ein groß Stück
171 2537 1949 2660 Mauer bey der Drachenpfort eingefallen /
172 2652 1949 2781 wordurch 8. Häuſer nidergeſchlagen worden.
173 2759 1950 2882 Das groſſe Glück hierbey war / daß es vorhero
174 2871 1950 2987 einen ſtarcken Krach gethan / welches die Ein⸗
175 2984 1950 3095 wohner gleichſam gewarnet / ihr Leben zu ret⸗
176 3093 1929 3198 ten / maſſen auch niemand todt blieben oder be⸗
177 3195 1930 3319 ſchädiget worden. Daß die Peſt nicht mehr ſo
178 3310 1931 3419 offt in dieſer Stadt / wie vorhin / regieret /
178 3416 1930 3536 ſchreibet vielgedachter Gelenius pag 705. der
180 3529 1948 3645 der H. Jungfrauen Roſaliæ, von Panormo,
180 3637 1949 3752 auß dem Königlichen Geblüt Kaiſer Carls
181 3748 1949 3862 deß Groſſen zu; deren Cörper unter Pabſt
182 3850 1949 3973 Urbano dem Achten / gefunden / und ein merck⸗
183 3965 1948 4082 licher Theil davon gen Cöln gebracht worden
184 4075 1946 4195 ſey: Hergegen er die Verwüſtung deß Stiffts
185 4188 1943 4320 Cöln / ſo in vorigen Jahren durch die Frantzo⸗
186 4296 1943 4420 ſen / Weymariſche und Heſſiſche geſchehen /
187 4409 1942 4526 dem geweſten Ertzbiſchoff Hermanno, gebor⸗
188 4516 1940 4634 nen Grafen von Weda / oder Wied zumiſſet /
189 4631 1939 4747 weilen er die Ketzerey vor hundert Jahren zu⸗
190 4738 1921 4859 gelaſſen / und deßwegen Anno 1546. abgeſetzt
191 4851 1916 4963 worden ſeye. Aber wann dieſes allein die Ur⸗
192 4955 1918 5084 ſach / warumb iſt dann das Königreich Hiſpa⸗
193 5076 1915 5192 nien / allda doch die Inquiſition ſtarck wider
194 5180 1917 5302 die ſo genannte Ketzer verfahren; und andere
195 5290 1930 5422 der Römiſch⸗Catholiſchen Religion zugetha⸗
196 5404 1928 5541 ne Länder / die vergangene Jahr mit Krieg
197 5513 1927 5649 alſo heimgeſucht worden? Hergegen die Län⸗
198 5624 1925 5758 der Steyer / Kerndten und Crain / darinn vor
199 5731 1924 5877 dieſem die offentliche Ubung der Evangeli⸗
200 5839 1922 5989 ſchen⸗Lutheriſchen Religion im ſchwang ge⸗
201 5963 1921 6131 gangen / in dem nächſten langwierigen Teut⸗
1922 412 3717 553 ſchen Krieg / damit verſchonet geblieben?
1921 533 3716 668 Wann oben erwehnte Urſach gültig wäre /
1921 657 3715 780 möchten vielleicht auch die Chinenſer ihrem
1921 763 3715 889 König die jetzige Verwüſtung deß Landes
1920 871 3714 1002 Chinæ, durch die Tartarn / beymeſſen / weil er
1919 990 3714 1114 verſtattet / daß die Römiſch⸗Catholiſche Reli⸗
1919 1103 3713 1222 gion / ſo den Heydniſchen Chinenſern neu ge⸗
1919 1214 3713 1335 weſen / durch die Jeſuiter allda / an vielen Or⸗
1918 1325 3712 1447 ten eingeführt worden iſt; Als wie vorzeiten
1918 1433 3712 1587 die Heyden / den Chriſten alles Unglück haben
1917 1549 2650 1694 zuſchreiben wollen.
1939 1611 3711 1785 Was endlich das Cölniſche Biſchoff⸗
1916 1730 3711 1894 thumb anbelangt / ſo hat daſſelbe gewaltiger
1916 1888 3710 2006 zu werden angefangen / als Hertzog Heinrich
1915 1995 3710 2117 der Löw / zu Bayern und Sachſen / in die
1915 2097 3709 2226 Acht gethan / und von Kaiſer Friederichen
1914 2217 3709 2343 dem Erſten / von deſſelben Hertzog Heinrichs
1914 2328 3708 2450 Landen / dem Ertzbiſchoff zu Cöln / Philippo
1913 2441 3708 2563 von Heinsberg / das Hertzogthumb Angern
1913 2549 3707 2668 und Weſtphalen / geſchenckt worden. Die⸗
1912 2659 3707 2785 ſer Ertzbiſchoff Philippus hat auch Renſe
1912 2775 3706 2897 zur Cölniſchen Kirchen gebracht / ſo der
1911 2884 3706 3008 nächſt⸗verſtorbene Herr Ertzbiſchoff Ferdi-
1911 2993 3705 3122 nandus wieder gelöſet hat. Durch deß Ertz⸗
1910 3096 3705 3227 biſchoffs Conradi von Hochſteden Freyge⸗
1910 3210 3704 3335 bigkeit / ſeyn an dieſes Ertzſtifft gelangt Are /
1909 3316 3704 3449 Hart / Cugenheim / Walprechshoven / Wäl⸗
1909 3431 3703 3559 len / Reimbach / und das Städtlein Mün⸗
1908 3538 3703 3672 ſter⸗Eyffel / mit aller Zugehör / ſo von den
1908 3642 3702 3781 Aebbten und der Kirch zu Prumen herrühr⸗
1907 3762 3702 3891 ten. Item / die Grafſchafft Horſteden / beym
1907 3863 3701 4005 Fluß Arnapha oder Arff / daſelbſten Horſt /
1906 3974 3701 4118 Wevelinghoven und Leendal ſeyn. Item /
1906 4095 3700 4233 die Grafſchafft Helffenſtein / mit dem
1905 4197 3700 4341 Schloß Erpradt: Item / das Schloß Rein⸗
1905 4321 3699 4456 gelburg. Welche Ort alle / dem Stifft / zu
1904 4433 3699 4565 unterſchiedlichen Zeiten / von unterſchiedli⸗
1904 4540 3698 4680 chen Perſonen / geben worden ſeyn. Die
1904 4646 3698 4796 Grafen von Everſtein haben das Schloß
1903 4757 3697 4902 Everſtein / das halbe Städtlein Rerenhame⸗
1903 4872 3697 5017 le / und den halben Theil am Städtlein Oſen
1902 4985 3696 5128 an der Weſer / und das Städtlein Areisloin /
1902 5094 3696 5242 hieher geſchenckt. Herr Eberhard von der
1901 5197 3695 5352 Marck hat verehrt das Städtlein Luden⸗
1901 5320 3695 5465 ſcheidt / im Jahr 1279. Henricus Graf
1900 5436 3694 5572 von Keſſele / das Städtlein Bruch / jetzt
1900 5540 3694 5695 Grevenbroch genannt. Der Ertzbiſchoff
1899 5655 3693 5796 Henricus II. hat vom Kaiſer das Burger⸗
1899 5758 3693 5910 Recht / und Beveſtigung ſeiner Städtlein /
1898 5873 3693 6019 Rodenberg / Durſten / Lechenich und Kem⸗
1898 5997 3692 6143 pen erlangt. Er hat auch mit groſſem Geld
