3870 6490
1891 376 3735 510 Fuß / und zu Unterhaltung deß Cammerge⸗
1890 501 3734 632 richts / jährlich 500. fl. Und gehören auch
1890 601 3733 734 Zelting und Rachtig / an der Moſel / darzu.
1889 713 3733 845 Und ſeyn unter dem Herrn Ertzbiſchoffe zu
1888 824 3732 947 Cöln / die Biſchoffe zu Oſnabruck / Mün⸗
1887 937 3731 1058 ſter / Lüttich / und vor dieſem auch Minden /
1887 1050 3730 1172 ſo jetzt ein Weltlich Fürſtenthumb; und
1886 1151 3730 1276 Utrecht / ſo der Zeit zu den Vereinigten Nie⸗
1885 1268 3729 1389 derländiſchen Provincien gerechnet wird / und
1885 1375 3728 1503 kein Biſchoff mehr daſelbſt iſt. Sonſten
1884 1488 3728 1606 ſeyn / nach dem Herrn Ertzbiſchoffe die Ar-
1883 1598 3727 1720 chidiaconi majores, der Præpoſitus deß
1882 1704 3726 1827 Hohen Stiffts / der Decanus major; die
1882 1814 3725 1941 Pröbſte zu Bonn / Sainten / Soeſt; Item /
1881 1929 3725 2051 die Archidiaconi minores, oder Regionarii;
1880 2030 3724 2162 Item zween Officiales judices Archiepiſco-
1880 2148 3723 2266 pales; deren einer zu Cöln / der ander zu Wer⸗
1879 2251 3723 2379 le in Weſtphalen wohnet. Von den Herren
1878 2369 3722 2485 Capitularibus dieſes Hohen Stiffts / iſt oben /
1877 2474 3721 2601 in Beſchreibung deß Doms zu Cöln / Bericht
1877 2585 3720 2711 geſchehen. Die Erb⸗Aembter deſſelben / als
1876 2696 3720 2815 deß Ertz⸗Schencken / haben vorzeiten die Gra⸗
1875 2803 3719 2928 fen von Virnenburg bedient / jetzt das Fürſt⸗
1875 2911 3718 3033 lich Arenbergiſch Geſchlecht; deß Ertz⸗Mar⸗
1874 3022 3718 3148 ſchallen Ambt / die Grafen von Salm und
1873 3127 3717 3256 Rifferſcheidt / wegen der Herrſchafft Aluetre;
1872 3244 3716 3368 deß Ertz⸗Cämmerers / vor Jahren die von
1872 3352 3715 3478 Hymberg / zu Bachem; jetzt die Raitzen von
1871 3460 3715 3583 Frentz. Die Ertz⸗Vogtey hat der Zeit nie⸗
1870 3572 3714 3697 mands / nachdem das Geſchlecht der Graven
1869 3684 3713 3805 von Neuenar abgeſtorben. Was die Biſchoff⸗
1869 3795 3712 3914 liche Succeſſion anbetrift / ſo wird für den Cöl⸗
1868 3903 3712 4026 niſchen / auch Tungriſchen und Trieriſchen
1867 4017 3711 4138 erſten Pfarrer / der H. Maternus gehalten / der
1866 4127 3710 4254 im Jahr Chriſti 128. geſtorben. 2. Seines
1866 4234 3710 4359 Nachfolgers Namen / oder wer er geweſen / fin⸗
1865 4344 3709 4473 det ſich nicht. Der 3. wird vom Hermanno
1864 4460 3708 4579 Stangefolio, in annalibus circuli Weſtpha-
1864 4570 3707 4689 lici, zum Jahr 175. Charentinus quidam ge⸗
1863 4681 3707 4798 nannt. 4. B. Aquilinus, umbs Jahr 237. zu wel⸗
1862 4788 3706 4907 ches Zeiten die H. Urſula mit ihrer Geſell⸗
1862 4895 3705 5023 ſchafft / die Kron der Marter / auſſer der Stadt
1861 5012 3704 5135 Cöln empfangen haben ſolle. Deß 5. Namen
1860 5127 3704 5247 weiß man nicht; wiewol Bucherius in ſeinen
1859 5234 3703 5352 Lüttichiſchen Biſchöffen / u andere mehr wol⸗
1859 5346 3702 5460 len / daß einerley Biſchöffe allhie / item zu Ton⸗
1858 5456 3702 5577 gren und Trier damaln geweſt ſeyen; aber
1857 5567 3701 5692 deſſen keinen rechten Beweiß haben. 6. Ma-
1856 5676 3700 5795 ternus II. zu den Zeiten der Kaiſer Maxentii,
1856 5782 3699 5907 Maximiani Jovii, Maximini, Licinii, und
1855 5891 3699 6033 Conſtantini Magni. 7. Euphrates, der endlich
1854 6009 3698 6149 ein Arianer u abgeſetzt wordē. 8. S. Severinus,
254 370 1926 510 wieder gelößt die Grafſchafft Hilikrod oder
245 501 1912 626 Hilkerot / deren Grentzen weit und breit / in
251 610 1909 726 dem alten Bezirck deß Niedern Lothringen /
251 720 1904 845 (oder deß Löviſchen Hertzogthumbs / zwiſchen
247 829 1904 949 der Schelde und Maas) und deß Cölniſchen
246 941 1900 1061 Geiſtlichen Sprengels / an beeden Ufern der
242 1050 1919 1172 Arff und Rur / neben Neuß / und ſchier gar
239 1160 1898 1286 biß an die Mauren der Stadt Cöln ſich er⸗
242 1272 1915 1395 ſtrecken. Herr Cuno von Falckenſtein / deß
239 1379 1915 1500 Ertzbiſtthumbs Adminiſtrator, hat die re⸗
236 1487 1913 1616 belliſche Burger zu Andernach zum Gehor⸗
235 1597 1912 1721 ſam gebracht; das Städtlein Tolbiack / vom
230 1705 1911 1833 Hertzoge zu Gülch mit Geld wieder gelößt /
224 1817 1909 1943 und Anno 1368. den 25. Auguſti / gegen Er⸗
225 1925 1907 2050 legung deß Gelds / der Arnsbergiſchen Graf⸗
227 2034 1906 2157 ſchafft Städtlein und Gebiet / und was Graf
216 2144 1905 2274 Gottfried von Arnsberg / und ſeine Gemah⸗
223 2256 1886 2370 lin / Anna von Cleve / weil ſie keine Kinder
216 2370 1902 2492 hatten / lieber der Kirchen / als ihren weiten
224 2474 1901 2597 Erben gonneten / zum Stifft gegeben. Ertz⸗
218 2585 1900 2707 biſchoff Salentinus von Iſenburg / hat Bonn /
190 2694 1899 2815 Arnsberg / Broel / Keyſerswerd / Poppels⸗
214 2804 1897 2928 dorff / Rheinberg / und andere Ort / mit präch⸗
214 2913 1882 3039 tigen Gebäuen gezieret; die Landvogtey An⸗
211 3020 1879 3143 dernach / am Fluß Netta; das Caſtell Er⸗
205 3132 1889 3262 pradt / bey Neuß / und daſelbſten Ordingen
207 3241 1879 3361 und Linn / und nahend Lechenich / das Caſtell
206 3352 1880 3476 oder Schloß Wichternich / und in Weſtpha⸗
204 3465 1876 3582 len / Brilon und Nehem / ſo andern verſetzt
162 3570 1890 3702 geweſen / und inſonderheit das Caſtell Hor⸗
205 3681 1890 3802 nenburg / und die gantze Herrſchafft Rech⸗
210 3792 1889 3915 linghauſen / ſo man die Veſte nennet / wieder
205 3904 1889 4027 gelöſet; wiewol die Grafen von Schauen⸗
195 4015 1888 4136 burg / ſo dieſe Herrſchafft ſchier bey die 200.
193 4126 1888 4248 Jahr in Handen gehabt / ungern daran kom⸗
191 4234 1887 4357 men ſeyn; biß der Kaiſer ſie / zu Annehmung
191 4347 1886 4468 deß prætendirten Gelds / und der Ablöſung
193 4455 1886 4577 gebracht hat. Dann viel und offt dieſes Ertz⸗
191 4569 1885 4689 ſtiffts Güter verſetzt worden; auch ſonſten in
191 4676 1881 4799 andere Hände kommen ſeyn. Daher ſagt
191 4795 1881 4913 offtgemeldter Gelenius pag. 66. alſo: Jam
185 4905 1878 5022 anguſtis limitibus concluſa diœceſis, juxta
185 5012 1882 5134 Rhenum exiliter porrigitur, avulſis, & op-
186 5120 1882 5244 pignoratis ſæpè ditionibus quandoque
182 5235 1881 5355 etiam neglectis, ut vix jam Colonienſem
189 5346 1881 5462 Archiepiſcopum Vaſalli Dominum agno-
179 5454 1880 5575 ſcant. Es hat aber dieſes Ertzſtifft noch viel
178 5558 1880 5689 Ort / beedes am Rheinſtrom und in Weſt⸗
184 5683 1879 5801 phalen; wie auß oben angeführten / und der
186 5788 1878 5908 Topographia Weſtphaliæ; und auch auß
178 5896 1878 6034 dieſem Anhang zu erſehen: Deſſen Reichs⸗
180 6012 1877 6168 gebühr Monatlich iſt 60. zu Roß / 277. zu
