3870 6490
242 395 1900 554 auß Aquitanien / Anno 348. oder 49. erwehlt /
224 516 1885 655 und umbs Jahr 408. geſtorben. 9. S. Evergis-
246 628 1888 769 lus, der in ſeinem Vatterland zu Tongren / als
267 734 1894 877 er daſelbſt gepredigt / umbgebracht worden iſt.
256 845 1893 987 10. Solanus, Solinus, Aquilinus, oder Sola-
245 954 1900 1109 tius Aquilinus, wie er unterſchiedlich genennt
243 1066 1892 1218 wird / umbs Jahr 455. 11. Simoneus umbs
240 1179 1910 1325 Jahr 500. 12. Charentinus, von theils Cha-
246 1293 1897 1430 reternus genannt / umbs Jahr 570. Zwiſchen
245 1401 1893 1539 dieſem und dem vorigen / ſetzen theils umbs
241 1520 1895 1654 Jahr 535. noch einen Biſchoff / nemlich den
243 1627 1898 1755 Domitianum, ſo auch zu Tongren ſolle Bi⸗
242 1725 1897 1872 ſchoff geweßt ſeyn. Dann / von den alten Zei⸗
243 1845 1893 1986 ten man offtmals wenig gewiſſes findet. 13. S.
248 1956 1929 2093 Ebregiſilus, umbs Jahr 590. 14. Remedius,
248 2062 1898 2206 umbs Jahr 612. 15. S. Cunibertus Moſella-
186 2175 1907 2313 nus, zun Zeiten Königs Dagoberti in Franck⸗
253 2289 1916 2420 reich. 16. Bocaldus, der Anno 663. ſolle geſtor⸗
256 2407 1913 2534 ben ſeyn. 17. Stephanus, ſo Anno 690. ver⸗
263 2509 1912 2639 ſchieden. 18. Abelwinus oder Adeluinus, und
267 2618 1912 2747 von etlichen Balduinus genannt. 19. Giſo, oder
270 2726 1917 2858 Guiſo. 20. Anno der Erſte diß Namens /
267 2843 1919 2968 umbs Jahr 709. 21. Pharamundus, oder
268 2944 1925 3080 Wahrmund. 22. S. Agilolphus, ein Märty⸗
274 3056 1926 3184 rer / ſo theils für den erſten Ertzbiſchoff halten /
274 3155 1925 3288 und der Anno 717. geſtorben. 23. Raginfre-
274 3272 1927 3403 dus, oder Reginfridus, von theils Albericus
270 3386 1920 3515 genannt. 24. S. Hildegarus, oder Hildegirus,
268 3493 1923 3625 den theils Hildebertum nennen / und der An.
213 3605 1923 3735 757. umbgebracht worden. 25. Bertholinus,
270 3716 1920 3844 umbs jahr 772. 26. Ricolphus, Reichehülff /
244 3835 1922 3947 der Anno 782. 27. S. Hildeboldus, der anno
270 3938 1916 4058 818. geſtorben. 28. Hadebaldus, oder Hage-
277 4052 1923 4170 baldus. 29. Als die Dänen und Normänner /
261 4159 1914 4278 anno 845. Cöln zerſtört / ſo iſt entweder kein
267 4274 1920 4389 Biſchoff daſelbſt geweſen / oder der jenige / ſo
265 4383 1914 4497 der Kirchen fürgeſtanden / nicht geweihet wor⸗
264 4488 1924 4606 den; weil in den alten Gedächtnuſſen gefunden
261 4602 1923 4720 wird / daß die Cölner ohne Biſchöfflichen Se⸗
268 4716 1925 4835 gen biß auffs jahr 851. geweſt ſeyen. 30. Gun-
262 4826 1924 4936 therus, oder Guntharius in beſagtem 851. jahr
271 4940 1936 5051 erwehlt; der aber anno 863. in den Bann ge⸗
267 5047 1923 5163 than / und wieder abgeſetzt worden iſt. 31. Wil-
257 5157 1934 5273 libertus, oder Weribertus, anno 863. erwehlt /
257 5268 1927 5380 und anno 890o. geſtorben. 2. Hermannus der
254 5378 1919 5493 Erſte / 8. 925. 33. Wichfridus.b. 953. 34. B.
253 5491 1917 5609 Bruno I. Kaiſer Ottonis deß Erſten Bruder /
262 5606 1914 5719 ſo geſtorben anno 965. 35. Volmarus. 36. S.
220 5715 1924 5835 Gero, ein Fürſt auß der Laußnitz / 8. 976. 37.
248 5823 1922 5941 Warinus, s. 985. 38. Evergerus. 39. S. Heri-
249 5934 1935 6060 bertus, ein Graf von Rotenburg an der Tau⸗
249 6048 1935 6186 ber / den theils zum erſten Churfürſten zu Cöln
1875 371 3740 505 machen / der vorhin Kaiſers Otton is III.
1876 475 3740 614 Cantzler geweſt / und anno 990. Ertzbiſchoff
1876 605 3741 728 allhie worden ſey; da doch ſein VNorfahr Ever-⸗
1877 716 3741 841 gerus erſt anno 997. oder 999. geſtorben iſt.
1877 829 3742 956 Sein / deß Heriberti Abſchied aber wird ins
1878 939 3742 1064 jahr 1022. geſetzt. 40. Piligrinus. 41. Herman-
1878 1045 3743 1167 nus II. ein Sohn Pfaltzgrafens E2onis, und
1879 1158 3743 1278 Mathildis, der Stiffter deß Braweileriſchen
1879 1271 3744 1402 Cloſters / der anno 1055. oder 56. geſtorben.
1880 1378 3744 1507 42. S. Anno II. der anno 1075. geſtorben / und
1880 1493 3745 1629 zu Siberg begraben worden. 43. Hildolphus:
1881 1607 3745 1739 44. Sigewinus, b. 1089. 45. Hermannus III.
1881 1720 3746 1848 46. Fridericus I. 47. Bruno II. 8. anno 1137.
1882 1833 3746 1953 48. FIugo, ein Graf von Sponheim. 49. Ar-
1882 1935 3747 2054 noldus 1. 50. arnoldus II. ein Graf von
1883 2053 3747 2169 Wied; ſo anno 1156. geſtorben / und zu Rhein⸗
1883 2148 3748 2289 dorff begraben worden. 51. Fridericus II. Graf
1884 2275 3748 2392 zu Altena und Berg. 52. Reinaldus, oder Re-
1884 2383 3749 2500 ginaldus von Daſſel / ſo die genannte H. drey
1885 2497 3749 2613 König nach Cöln gebracht / und anno 1167.
1885 2607 3750 2723 in Italia geſtorben iſt. 53. Philippus von
1886 2713 3750 2836 Heinsberg / d. 1191. 54. Bruno III. von Alte⸗
1886 2816 3751 2950 na und Berg. 55. Adolphus, auch ein Graf
1887 2936 3751 3059 von Altena und Berg / ſo beſagtem Brunoni,
1887 3045 3752 3178 ſeines Vattern Brudern / als derſelbe annö
1888 3161 3752 3277 1193. reſignirte / ſuccedirt hat. 57. Bruno IV.
1888 3267 3752 3386 ein Graf von Sain. 57. Theodoricus I. von
1888 3371 3753 3501 Heinsberg. 58. S. Engelbertus, ein Graf von
1889 3482 3753 3609 Altena und Berg / der anno 1225. den 7. No⸗
1889 3595 3754 3722 vembris ein Märtyrer worden. 59. Henricus
1890 3705 3754 3837 I. ein Graf von Molenarck / 8. anno 1237. 60.
1890 3809 3755 3944 Conradus, ein Graf von Hochſteden / b. 1261.
1891 3932 3755 4054 61. Engelbertus II. ein Graf von Valcken⸗
1891 4039 3756 4170 berg /s. 1275. 62. Siffridus von Weſterburg /
1892 4153 3756 4278 . 1296. 63. Wicholdus, ein Freyherr von Hol⸗
1892 4264 3757 4391 te /8. 1306. 64. Henricus II. von Virnenbürg /
1893 4374 3757 4512 8. 1331. 65. Walramus, ein Graf von Gülch/
1893 4485 3758 4619 beeder Rechten Licentiat, ſo dem Stifft däs
1894 4588 3758 4727 Schloß Lechnich gegeben / und geſtorben an-
1894 4714 3759 4840 n01349. 66. Wilhelmus, ein Freyherr von
1895 4807 3759 4954 Gennep / ſo anno 1362. den 15. Sept. als ihn
1895 4929 3760 5065 ein Meerkatz gebiſſen / geſtorben iſt. 67. Johan-
1896 5044 3760 5176 nes, Graf von Virnenburg / der aber / auß
1896 5141 3761 5284 Befelch deß Bapſts Urbani, wieder weichen
1897 5270 3761 5398 müſſen / und hernach zu Münſter / endlich aber
1897 5382 3762 5516 zu Utrecht Biſchoff worden iſt. 68. adolphus
1898 5485 3762 5622 II. Graf von Altena / und beeder Rechten Li-
1898 5604 3763 5738 centiat, ſo anno 1363. zum Biſtthumb kom⸗
1899 5716 3763 5849 men / aber nur eilff Monat regiert / anno 64.
1899 5832 3764 5959 reſignirt / und ein Weib genommen hat. 69.
1900 5946 3764 6076 Engelbertus III. deß vorigen Vatters Brü⸗
1900 6058 3765 6199 ders / der anno 1368. geſtorben. 70. Cuno ven
