<?xml version="1.0" encoding="UTF-8" standalone="no"?>
<PcGts xmlns="http://schema.primaresearch.org/PAGE/gts/pagecontent/2019-07-15" xmlns:xsi="http://www.w3.org/2001/XMLSchema-instance" xsi:schemaLocation="http://schema.primaresearch.org/PAGE/gts/pagecontent/2019-07-15 http://schema.primaresearch.org/PAGE/gts/pagecontent/2019-07-15/pagecontent.xsd">
  <Metadata>
    <Creator/>
    <Created>2021-10-28T11:56:06</Created>
    <LastChange>2023-01-10T12:23:16</LastChange>
    <Comments/>
  </Metadata>
  <Page imageFilename="0183.png" imageHeight="6490" imageWidth="3870">
    <ReadingOrder>
      <OrderedGroup id="g3">
        <RegionRefIndexed index="0" regionRef="r6"/>
        <RegionRefIndexed index="1" regionRef="r4"/>
        <RegionRefIndexed index="2" regionRef="r2"/>
        <RegionRefIndexed index="3" regionRef="r1"/>
        <RegionRefIndexed index="4" regionRef="r5"/>
        <RegionRefIndexed index="5" regionRef="r3"/>
      </OrderedGroup>
    </ReadingOrder>
    <TextRegion id="r1" orientation="-0.25" type="paragraph">
      <Coords points="1963,6062 1932,2655 1949,394 2119,394 2200,437 2309,394 2599,394 2703,427 2784,394 3734,394 3734,6057"/>
      <TextLine id="l1">
        <Coords points="2753,533 2749,533 2748,532 2746,532 2746,531 2746,529 2743,526 2743,524 2742,523 2742,516 2741,516 2546,515 2546,515 2546,516 2544,518 2505,518 2501,522 2501,523 2500,524 2500,525 2499,526 2499,528 2498,529 2494,528 2492,530 2489,530 2488,529 2488,518 2487,517 2344,517 2343,516 2215,515 2213,513 2213,506 2212,505 2158,505 2158,505 2158,504 2157,503 1949,502 1949,503 1949,517 1948,517 1947,517 1947,517 1947,483 1948,482 1948,396 1949,395 1951,395 1952,396 1969,396 1970,397 1972,397 1974,400 1974,440 1975,440 2083,441 2083,440 2083,435 2084,434 2084,428 2087,426 2111,426 2111,425 2111,424 2113,423 2114,423 2115,422 2118,425 2118,435 2119,436 2314,437 2314,436 2314,434 2318,431 2320,431 2320,430 2320,429 2322,428 2323,428 2324,427 2325,427 2326,426 2327,426 2328,425 2335,425 2336,424 2339,424 2340,423 2342,423 2343,424 2355,424 2355,424 2355,425 2356,426 2374,426 2376,428 2376,429 2377,430 2377,431 2379,433 2380,433 2382,436 2382,438 2383,439 2383,448 2384,448 2566,449 2567,447 2567,446 2568,445 2568,443 2569,442 2569,441 2570,440 2570,439 2571,439 2608,439 2609,438 2611,438 2613,436 2615,436 2617,434 2618,434 2619,433 2621,433 2622,432 2623,432 2624,431 2641,431 2642,430 2684,430 2684,431 2684,433 2685,433 2919,434 2920,433 2926,433 2927,432 3043,433 3044,432 3192,433 3194,431 3198,431 3200,429 3204,429 3205,428 3341,428 3341,428 3341,427 3342,426 3344,426 3345,425 3346,426 3347,426 3348,427 3353,427 3355,429 3356,429 3356,430 3356,431 3357,431 3415,432 3416,433 3529,433 3529,434 3529,438 3530,438 3531,438 3533,441 3533,446 3537,449 3538,449 3539,450 3542,450 3543,451 3545,451 3546,452 3624,452 3625,453 3628,453 3628,454 3628,455 3629,455 3630,455 3630,456 3630,459 3631,460 3631,461 3632,462 3630,464 3630,474 3630,474 3628,476 3627,476 3626,477 3617,477 3616,478 3616,504 3614,505 3613,505 3613,506 3613,508 3611,509 3610,509 3609,511 3609,512 3608,512 3607,512 3606,513 3575,513 3574,514 3526,514 3526,513 3526,512 3525,512 3489,512 3488,511 3376,510 3375,509 3108,508 3107,510 3107,513 3106,513 3065,513 3065,513 3065,525 3064,526 3063,526 3061,528 3049,528 3044,522 3044,512 3043,512 2888,511 2886,513 2813,513 2812,514 2763,514 2763,514 2763,520 2762,521 2762,526 2760,528 2760,530 2759,531 2758,531 2757,532 2756,532 2754,534"/>
        <TextEquiv index="0">
          <Unicode>weiler / Groy / Scheimbach / Brüel oder</Unicode>
        </TextEquiv>
        <TextEquiv index="1">
          <Unicode>weiler / Groy / Scheimbach / Brüel oder</Unicode>
        </TextEquiv>
      </TextLine>
      <TextLine id="l2">
        <Coords points="2893,645 2892,644 2890,644 2889,643 2888,643 2887,642 2886,642 2885,642 2885,641 2884,640 2884,639 2883,638 2883,634 2882,632 2833,632 2831,630 2831,629 2831,629 2662,628 2661,629 2661,636 2660,637 2659,637 2658,638 2658,641 2657,642 2656,642 2655,643 2651,643 2650,644 2649,643 2644,643 2643,642 2640,642 2639,641 2575,641 2573,639 2573,638 2573,638 2569,638 2568,637 2567,637 2565,635 2565,632 2564,631 2564,630 2563,629 2563,624 2563,624 2400,623 2399,624 2399,631 2398,632 2398,635 2397,636 2397,638 2397,638 2394,638 2393,639 2392,639 2391,640 2387,640 2386,639 2383,639 2382,638 2381,638 2380,637 2379,637 2378,636 2378,635 2377,634 2377,620 2377,620 2216,619 2215,620 2215,621 2215,621 2213,621 2212,621 2212,620 2211,619 2211,617 2211,616 2167,616 2166,615 2121,615 2119,613 1953,612 1952,613 1952,620 1951,621 1951,630 1951,630 1950,630 1949,631 1948,631 1947,632 1946,632 1947,518 1947,517 1949,517 1950,518 1950,531 1950,531 2011,531 2012,532 2280,534 2281,533 2282,533 2283,532 2285,532 2286,533 2287,533 2288,533 2288,534 2289,536 2290,536 2291,536 2291,539 2291,540 2377,540 2378,541 2380,541 2381,542 2382,542 2383,543 2555,544 2558,541 2561,541 2562,540 2636,540 2637,539 2638,539 2639,539 2639,538 2639,537 2640,537 2641,536 2642,536 2643,535 2646,535 2648,533 2651,533 2652,532 2656,532 2657,531 2672,531 2673,532 2674,532 2675,533 2679,533 2681,535 2682,535 2683,536 2683,537 2683,537 2684,537 2689,542 2689,543 2690,544 2690,550 2691,551 2691,561 2691,561 2857,562 2859,561 2859,560 2860,559 2860,557 2862,554 2881,554 2882,554 2882,553 2883,552 2883,549 2884,548 2884,547 2886,545 2886,544 2886,543 2887,542 2889,542 2890,542 2890,541 2891,540 2891,539 2891,538 2892,538 2894,536 2897,536 2898,535 2899,535 2900,534 2901,534 2902,533 2926,533 2927,534 2930,534 2932,536 2933,536 2937,540 3144,541 3146,539 3152,539 3153,538 3252,539 3253,538 3254,538 3255,537 3257,537 3258,536 3259,536 3260,535 3266,535 3267,534 3272,534 3273,535 3276,535 3277,536 3278,536 3279,537 3309,537 3310,538 3310,540 3310,540 3456,541 3457,540 3459,540 3460,539 3463,539 3466,542 3467,542 3468,542 3468,561 3468,562 3471,562 3472,563 3619,563 3620,563 3620,562 3620,561 3622,561 3623,561 3623,557 3624,556 3624,554 3625,553 3625,552 3625,551 3626,551 3627,550 3628,550 3629,551 3631,551 3632,552 3632,554 3633,555 3633,559 3632,560 3632,564 3631,565 3631,567 3630,568 3630,569 3629,569 3628,569 3627,571 3627,574 3626,575 3626,576 3624,578 3624,579 3623,580 3623,583 3620,586 3620,592 3617,594 3617,596 3616,597 3616,599 3614,601 3614,604 3613,605 3613,606 3612,607 3612,612 3612,612 3611,612 3608,615 3608,620 3607,621 3605,621 3604,622 3604,626 3604,626 3591,626 3590,627 3590,632 3587,635 3587,636 3587,636 3586,636 3585,637 3582,637 3581,638 3577,638 3576,639 3576,640 3576,640 3572,640 3570,642 3569,642 3568,641 3559,641 3558,640 3557,640 3556,639 3555,639 3552,637 3552,634 3551,633 3551,621 3551,620 3464,620 3463,619 3197,618 3195,619 3195,620 3193,623 3172,622 3171,623 3171,627 3170,628 3170,634 3169,635 3166,635 3165,636 3165,637 3164,638 3163,638 3162,639 3040,639 3037,642 2909,641 2907,643 2906,643 2905,644 2900,644 2899,645"/>
        <TextEquiv index="0">
          <Unicode>Bröel / Lechenich / Zons / Zulpich / Arnsberg /</Unicode>
        </TextEquiv>
        <TextEquiv index="1">
          <Unicode>Bröel / Lechenich / Zons / Zulpich / Arnsberg /</Unicode>
        </TextEquiv>
      </TextLine>
      <TextLine id="l3">
        <Coords points="2889,750 2886,747 2886,739 2885,738 2651,737 2651,737 2651,736 2649,734 2466,733 2376,733 2376,733 2376,734 2374,736 2372,736 2370,733 2370,731 2369,731 2342,731 2342,730 2342,727 2341,727 2002,725 1951,725 1951,726 1951,746 1950,746 1945,746 1945,746 1945,727 1946,726 1946,633 1948,631 1949,631 1950,630 1951,630 1951,631 1951,635 1952,635 1999,635 2000,636 2043,637 2045,639 2045,649 2046,650 2435,651 2436,650 2437,650 2438,649 2439,649 2440,648 2449,648 2450,647 2469,647 2470,646 2474,646 2475,645 2730,647 2733,644 2738,644 2739,643 2740,643 2741,642 2742,643 2762,643 2763,644 2764,644 2764,644 2764,645 2765,646 2766,646 2767,647 2771,647 2774,650 2919,650 2920,651 2921,651 2922,652 3328,654 3328,654 3328,653 3331,650 3332,651 3333,651 3333,652 3333,653 3334,654 3334,657 3335,657 3470,658 3470,658 3470,668 3471,669 3505,669 3505,669 3505,671 3506,672 3631,672 3633,675 3633,683 3634,684 3633,685 3633,717 3631,718 3622,718 3622,719 3622,720 3621,721 3621,722 3617,725 3613,725 3613,726 3613,727 3611,728 3609,728 3608,729 3480,729 3480,729 3480,730 3479,731 3479,732 3478,733 3478,734 3475,737 3475,738 3469,744 3467,744 3465,746 3464,746 3463,745 3461,745 3461,744 3461,737 3460,736 3460,734 3459,733 3459,730 3458,730 3155,728 3155,729 3155,743 3154,743 3150,743 3149,742 3146,742 3145,741 3144,741 3144,741 3144,740 3142,738 3139,738 3137,736 2896,735 2896,736 2896,737 2894,739 2894,741 2893,742 2893,747 2892,748 2892,749 2890,750"/>
        <TextEquiv index="0">
          <Unicode>Attendorn / Werl / Dorſten / (darinn zwar</Unicode>
        </TextEquiv>
        <TextEquiv index="1">
          <Unicode>Attendorn / Werl / Dorſten / (dariun zwar</Unicode>
        </TextEquiv>
      </TextLine>
      <TextLine id="l4">
        <Coords points="2572,860 2570,860 2569,859 2568,859 2566,857 2344,856 2343,855 1946,853 1945,853 1946,819 1945,818 1945,747 1945,746 1950,746 1951,747 1951,749 1951,749 2464,751 2465,752 2474,752 2475,753 2912,755 2913,756 2918,756 2919,757 2921,757 2923,759 2923,760 2923,760 3699,764 3700,763 3700,762 3700,762 3701,762 3702,762 3702,764 3701,765 3256,763 3256,763 3256,764 3466,765 3467,766 3468,766 3470,767 3470,778 3470,779 3534,779 3535,780 3622,780 3623,781 3624,781 3625,782 3627,782 3629,784 3629,785 3629,785 3631,785 3634,788 3634,790 3635,791 3635,808 3635,808 3639,808 3642,811 3641,812 3638,811 3637,813 3636,831 3634,833 3634,834 3633,835 3633,836 3628,841 3622,841 3621,842 3549,842 3548,843 3548,846 3543,851 3543,852 3542,853 3542,854 3541,855 3540,855 3537,858 3534,858 3533,859 3529,859 3528,860 3528,862 3528,862 3055,860 3054,861 2777,860 2776,861 2574,860 2573,861"/>
        <TextEquiv index="0">
          <Unicode>auch etliche Kaiſerliche Compagnien gelegen</Unicode>
        </TextEquiv>
        <TextEquiv index="1">
          <Unicode>auch etliche Kaiſerliche Compagnien gelegen</Unicode>
        </TextEquiv>
      </TextLine>
      <TextLine id="l5">
        <Coords points="2797,970 2797,952 2796,952 2539,951 2539,951 2539,961 2537,963 2535,963 2533,965 2493,964 2493,965 2493,966 2491,967 2490,967 2489,968 2482,968 2482,968 2482,965 2481,964 2481,947 2480,946 2156,945 2155,946 2154,946 2154,947 2154,948 2151,950 2149,950 2148,951 2148,952 2144,956 2062,956 2062,956 2062,957 2061,958 2055,958 2054,959 1987,958 1986,959 1985,959 1984,960 1950,960 1950,961 1950,964 1948,965 1944,965 1944,965 1944,860 1945,859 1945,854 1946,853 1951,853 1951,854 1951,856 1952,856 2004,856 2006,858 2012,858 2015,862 2015,863 2016,864 2016,867 2017,867 2385,869 2385,869 2385,868 2389,864 2390,864 2393,861 2396,861 2397,860 2398,860 2399,859 2422,859 2423,860 2425,860 2427,862 2428,862 2429,863 2430,863 2432,866 2432,867 2433,867 2556,868 2556,868 2556,871 2557,872 2558,872 2559,873 2560,873 2561,874 3050,876 3050,875 3050,874 3052,873 3053,873 3055,871 3058,871 3058,870 3058,869 3059,869 3060,869 3061,868 3062,868 3063,867 3065,867 3066,866 3086,866 3087,865 3088,865 3089,864 3090,865 3095,865 3097,867 3098,867 3099,868 3218,869 3220,871 3224,871 3225,872 3226,872 3227,873 3252,873 3253,874 3258,874 3259,875 3262,875 3263,876 3263,877 3265,879 3265,880 3266,881 3594,882 3598,878 3600,878 3600,878 3600,877 3601,876 3603,876 3603,877 3603,880 3604,880 3605,880 3607,882 3608,882 3610,884 3630,884 3630,884 3630,873 3631,872 3634,872 3634,873 3634,915 3635,915 3641,916 3641,916 3641,926 3642,927 3642,928 3642,929 3629,928 3627,930 3627,933 3624,936 3624,938 3623,938 3622,938 3621,939 3621,940 3621,941 3620,941 3619,941 3618,943 3618,944 3617,944 3613,944 3613,945 3613,946 3608,950 3606,950 3605,951 3441,951 3441,951 3441,952 3440,953 3440,954 3438,956 3437,956 3437,955 3437,954 3436,953 3436,951 3435,951 3082,949 3082,950 3082,965 3081,966 3081,967 3080,967 3077,967 3075,969 3074,969 3073,968 3047,968 3046,967 3041,967 3041,966 3041,955 3040,955 2853,954 2851,952 2798,952 2798,952 2798,970 2797,971"/>
        <TextEquiv index="0">
          <Unicode>ſeyn)/ und Keyſerswerd / auſſer Bonn / und</Unicode>
        </TextEquiv>
        <TextEquiv index="1">
          <Unicode>ſeyn)/ und Keyſerswerd / auſſer Bonn / und</Unicode>
        </TextEquiv>
      </TextLine>
      <TextLine id="l6">
        <Coords points="3543,1081 3542,1080 3541,1080 3539,1078 3531,1078 3530,1077 3492,1077 3491,1076 3487,1076 3484,1073 3484,1072 3483,1071 3483,1062 3483,1062 3276,1061 3275,1062 3215,1062 3214,1062 3214,1075 3213,1077 3209,1077 3207,1079 3200,1079 3199,1078 3192,1078 3191,1077 3190,1077 3188,1075 3188,1074 3187,1073 3187,1060 3187,1060 3046,1059 3045,1060 2875,1059 2874,1060 2870,1060 2868,1062 2864,1062 2862,1064 2857,1064 2856,1063 2781,1063 2778,1060 2755,1060 2754,1059 2623,1058 2622,1059 2517,1059 2516,1059 2516,1060 2515,1061 2515,1062 2514,1063 2514,1065 2514,1066 2513,1066 2512,1067 2387,1066 2386,1067 2384,1067 2382,1069 2377,1069 2375,1067 2372,1067 2371,1066 2370,1066 2369,1065 2369,1054 2369,1054 2359,1054 2357,1052 2357,1051 2357,1051 2140,1050 2139,1050 2139,1051 2137,1053 2137,1054 2135,1056 2135,1057 2134,1058 2134,1059 2131,1063 2130,1063 2129,1063 2129,1064 2128,1066 2123,1066 2122,1065 2120,1065 2119,1064 2119,1061 2118,1060 2118,1057 2117,1056 2117,1053 2116,1052 2116,1050 2116,1050 1947,1049 1946,1050 1946,1056 1945,1057 1945,1068 1945,1068 1944,1068 1943,1068 1943,1049 1943,1048 1943,993 1944,992 1944,966 1944,965 1948,965 1949,966 1949,967 1950,968 1950,970 1950,970 2063,971 2064,972 2066,972 2067,972 2067,988 2067,989 2126,989 2128,987 2133,987 2134,987 2134,990 2134,991 2353,992 2354,991 2354,985 2355,984 2355,983 2360,978 2360,977 2361,976 2364,976 2365,975 2367,975 2368,975 2368,976 2368,977 2371,977 2372,978 2374,978 2375,979 2376,979 2378,980 2378,987 2378,988 2420,988 2421,989 2422,989 2423,990 2423,994 2423,994 2635,995 2636,995 2636,992 2637,991 2637,990 2640,986 2643,986 2644,986 2644,985 2645,983 2647,985 2647,990 2648,991 2649,991 2651,993 2652,993 2653,994 2654,994 2655,995 2656,995 2657,996 2658,996 2659,997 2791,998 2792,997 2792,985 2792,985 2794,985 2795,984 2795,982 2796,981 2796,972 2797,971 2798,971 2798,975 2798,976 2870,976 2872,978 2872,979 2873,980 2873,984 2876,987 2878,987 2879,988 2879,989 2880,990 2966,991 2967,992 2969,992 2971,993 2971,997 2971,998 3129,998 3130,997 3178,997 3179,997 3179,987 3180,986 3180,985 3181,984 3181,983 3181,983 3186,983 3187,982 3187,981 3187,981 3189,981 3191,979 3196,979 3197,978 3314,978 3315,977 3316,977 3317,976 3337,976 3338,975 3339,975 3341,973 3342,973 3343,972 3350,972 3351,971 3358,971 3359,970 3361,970 3362,971 3366,971 3367,972 3368,972 3369,973 3371,973 3375,977 3376,977 3378,979 3379,979 3380,980 3485,981 3486,982 3487,982 3488,983 3489,983 3490,983 3490,984 3491,985 3491,1000 3491,1001 3599,1001 3600,1002 3601,1002 3602,1003 3602,1004 3603,1005 3603,1008 3604,1009 3604,1011 3604,1011 3627,1011 3628,1012 3628,1014 3629,1015 3629,1016 3629,1016 3630,1016 3631,1017 3631,1018 3631,1018 3645,1019 3647,1020 3645,1022 3632,1021 3632,1022 3632,1039 3631,1039 3630,1039 3627,1042 3626,1042 3624,1044 3622,1044 3620,1046 3618,1046 3616,1048 3615,1048 3615,1049 3615,1050 3614,1051 3614,1052 3612,1053 3600,1053 3599,1054 3599,1060 3599,1060 3589,1060 3588,1061 3567,1061 3565,1063 3565,1065 3564,1066 3564,1067 3562,1069 3562,1070 3561,1071 3560,1071 3558,1073 3558,1076 3557,1077 3556,1077 3555,1078 3551,1078 3550,1079 3546,1079 3544,1081"/>
        <TextEquiv index="0">
          <Unicode>wie zu erachten / andern Orten mehr. Nach ge⸗</Unicode>
        </TextEquiv>
        <TextEquiv index="1">
          <Unicode>wie zu erachten / andern Orten mehr. Nach ge⸗</Unicode>
        </TextEquiv>
      </TextLine>
      <TextLine id="l7">
        <Coords points="2812,1188 2811,1187 2810,1187 2809,1186 2807,1186 2806,1185 2805,1185 2804,1184 2731,1184 2731,1183 2731,1180 2730,1179 2730,1178 2729,1177 2729,1167 2728,1167 2646,1166 2645,1165 2454,1164 2454,1163 2453,1163 2452,1162 2429,1162 2428,1161 2198,1160 2197,1161 2197,1178 2196,1178 2195,1178 2195,1179 2195,1180 2194,1180 2165,1180 2164,1181 2162,1181 2161,1180 2160,1180 2159,1179 2157,1179 2156,1178 1977,1177 1977,1177 1977,1173 1976,1172 1976,1146 1975,1145 1975,1144 1974,1143 1974,1128 1974,1127 1943,1127 1942,1127 1942,1126 1943,1125 1943,1069 1944,1068 1945,1068 1945,1069 1945,1076 1946,1076 2001,1076 2002,1077 2005,1077 2007,1079 2175,1080 2177,1078 2178,1078 2179,1077 2180,1077 2183,1074 2186,1074 2187,1075 2215,1075 2217,1077 2218,1077 2219,1079 2219,1080 2220,1081 2220,1098 2221,1098 2488,1099 2488,1099 2488,1082 2489,1081 2490,1082 2492,1082 2492,1083 2492,1089 2493,1089 2528,1090 2529,1091 2714,1091 2715,1090 2716,1090 2717,1091 2722,1091 2724,1094 2882,1094 2883,1096 2883,1108 2884,1108 2974,1109 2974,1108 2974,1107 2975,1107 3067,1107 3067,1107 3067,1103 3068,1102 3068,1100 3074,1094 3081,1094 3081,1094 3081,1088 3083,1086 3084,1086 3086,1084 3087,1084 3088,1083 3100,1083 3101,1082 3112,1082 3113,1083 3114,1083 3117,1086 3118,1086 3119,1087 3120,1087 3121,1088 3122,1088 3122,1089 3122,1090 3123,1090 3188,1091 3189,1092 3236,1092 3236,1092 3236,1096 3237,1097 3238,1097 3239,1098 3430,1099 3430,1098 3430,1097 3431,1097 3433,1097 3434,1096 3435,1096 3439,1092 3442,1092 3444,1090 3445,1090 3446,1091 3450,1091 3451,1092 3453,1092 3455,1094 3455,1103 3456,1104 3531,1104 3532,1106 3532,1107 3533,1107 3607,1107 3607,1108 3607,1110 3608,1110 3629,1110 3629,1111 3629,1123 3630,1124 3630,1127 3629,1128 3629,1131 3629,1131 3627,1131 3626,1132 3626,1159 3624,1161 3617,1161 3616,1162 3616,1163 3616,1163 3615,1163 3614,1164 3613,1164 3612,1165 3612,1166 3612,1166 3611,1166 3608,1168 3607,1168 3605,1170 3602,1170 3601,1171 3459,1171 3459,1171 3459,1183 3458,1184 3458,1186 3457,1187 3455,1187 3454,1188 3449,1188 3448,1189 3440,1189 3439,1188 3436,1188 3435,1187 3432,1187 3432,1186 3432,1175 3431,1175 3367,1174 3366,1173 3366,1172 3365,1171 3365,1169 3364,1168 3176,1167 3175,1168 3116,1168 3114,1170 3112,1170 3111,1172 3111,1175 3110,1175 3108,1175 3104,1179 3101,1179 3100,1180 3099,1180 3099,1181 3099,1182 3098,1182 3097,1182 3096,1183 3083,1183 3083,1183 3083,1182 3080,1179 3075,1179 3073,1177 3072,1177 3071,1176 3071,1175 3070,1174 3070,1173 3067,1170 2841,1169 2841,1170 2841,1171 2840,1172 2840,1174 2838,1176 2838,1179 2835,1181 2833,1181 2832,1182 2832,1183 2831,1184 2830,1185 2829,1185 2828,1186 2826,1186 2825,1187 2819,1187 2818,1188"/>
        <TextEquiv index="0">
          <Unicode>ſchloſſenem und vollzogenem Frieden / hat er</Unicode>
        </TextEquiv>
        <TextEquiv index="1">
          <Unicode>ſchloſſenem und vollzogenem Frieden / hat er</Unicode>
        </TextEquiv>
      </TextLine>
      <TextLine id="l8">
        <Coords points="1969,1186 3631,1193 3631,1299 1969,1292"/>
        <TextEquiv index="0">
          <Unicode>ſich / umb etwas zu recreiren / nach Arensberg /</Unicode>
        </TextEquiv>
        <TextEquiv index="1">
          <Unicode>ſich / umb etwas zu recreiren / nach Arensberg /</Unicode>
        </TextEquiv>
      </TextLine>
      <TextLine id="l9">
        <Coords points="3613,1409 3495,1409 3493,1406 3493,1404 3492,1403 3492,1387 3491,1386 3182,1385 3181,1386 3043,1385 3042,1386 3039,1386 3038,1387 2824,1386 2821,1388 2821,1392 2821,1393 2638,1392 2637,1393 2637,1394 2636,1395 2636,1397 2634,1398 2633,1398 2632,1399 2625,1399 2623,1401 2622,1400 2616,1400 2615,1399 2609,1399 2608,1398 2607,1398 2605,1396 2604,1396 2603,1394 2603,1391 2602,1390 2602,1389 2601,1388 2601,1383 2601,1383 2354,1382 2353,1382 2353,1391 2352,1392 2352,1396 2351,1397 2350,1397 2349,1398 2344,1398 2343,1399 2341,1399 2340,1400 2221,1399 2217,1395 2217,1385 2217,1384 2024,1383 2023,1382 2021,1382 2020,1382 2020,1380 2020,1379 1971,1379 1967,1376 1967,1375 1965,1373 1965,1370 1964,1369 1964,1367 1963,1366 1963,1330 1964,1329 1964,1327 1965,1326 1966,1325 1967,1325 1969,1323 1970,1323 1974,1319 1980,1319 1980,1319 1980,1306 1981,1305 1981,1304 1982,1303 2063,1304 2065,1302 2067,1302 2067,1301 2067,1300 2068,1300 2073,1300 2074,1299 2076,1299 2076,1298 2076,1297 2077,1297 2107,1297 2108,1296 2111,1296 2112,1295 2113,1295 2114,1294 2149,1294 2150,1295 2159,1295 2160,1296 2249,1296 2251,1298 2340,1299 2341,1300 2549,1301 2549,1301 2549,1302 2551,1304 2701,1304 2702,1306 2702,1307 2706,1310 2931,1311 2932,1310 2954,1311 2954,1310 2954,1309 2955,1309 2958,1309 2958,1309 2958,1313 2959,1314 2973,1314 2974,1315 3198,1316 3199,1314 3199,1312 3202,1310 3203,1310 3207,1306 3338,1306 3340,1304 3341,1304 3343,1306 3507,1307 3508,1308 3509,1308 3510,1309 3511,1309 3513,1311 3514,1311 3515,1312 3515,1327 3516,1328 3574,1328 3576,1330 3591,1330 3593,1333 3593,1334 3594,1334 3624,1334 3626,1337 3626,1338 3627,1339 3627,1362 3626,1363 3626,1365 3625,1366 3624,1366 3623,1367 3622,1367 3621,1368 3621,1369 3621,1369 3619,1369 3617,1371 3617,1409 3616,1409 3615,1409 3614,1410"/>
        <TextEquiv index="0">
          <Unicode>in Weſtphalen begeben / allda er aber bald her⸗</Unicode>
        </TextEquiv>
        <TextEquiv index="1">
          <Unicode>in Weſtphalen begeben / allda er aber bald her⸗</Unicode>
        </TextEquiv>
      </TextLine>
      <TextLine id="l10">
        <Coords points="2304,1515 2303,1514 2304,1500 2303,1500 2125,1499 2125,1499 2125,1502 2123,1504 2122,1504 2121,1505 2120,1505 2120,1505 2120,1506 2119,1507 2114,1507 2113,1506 2108,1506 2107,1505 2105,1505 2102,1501 2102,1491 2101,1491 2090,1491 2089,1490 1991,1489 1989,1487 1967,1487 1966,1486 1965,1486 1964,1485 1963,1485 1963,1485 1963,1484 1962,1483 1962,1482 1960,1480 1960,1479 1959,1478 1959,1477 1958,1476 1958,1438 1959,1437 1959,1436 1963,1431 1965,1431 1966,1430 1968,1430 1970,1428 1992,1428 1993,1427 2083,1428 2084,1427 2084,1415 2084,1415 2091,1415 2092,1414 2092,1413 2093,1412 2094,1412 2097,1409 2104,1409 2105,1410 2110,1410 2112,1412 2172,1412 2173,1413 2174,1413 2175,1414 2175,1419 2175,1419 2176,1419 2178,1421 2181,1421 2182,1422 2182,1423 2182,1423 2184,1423 2185,1424 2186,1424 2187,1425 2190,1425 2192,1427 2193,1427 2195,1429 2278,1430 2284,1436 2355,1436 2356,1435 2356,1409 2356,1409 2357,1409 2357,1435 2357,1436 2531,1437 2533,1435 2533,1432 2534,1431 2534,1428 2535,1427 2535,1426 2535,1426 2536,1426 2540,1422 2540,1420 2540,1420 2541,1420 2543,1418 2544,1418 2551,1411 2552,1411 2553,1410 2554,1410 2556,1408 2559,1408 2560,1407 2561,1407 2562,1406 2577,1406 2578,1405 2581,1405 2582,1406 2587,1406 2588,1407 2594,1407 2597,1410 2602,1410 2603,1411 2608,1411 2611,1414 2625,1414 2626,1415 2626,1424 2626,1424 2848,1425 2849,1425 2849,1424 2850,1422 2853,1422 2854,1422 2854,1420 2854,1419 2855,1419 2857,1417 2858,1417 2860,1415 2861,1415 2862,1414 2866,1414 2867,1415 2870,1415 2872,1417 2872,1418 2872,1418 2947,1418 2948,1419 2948,1422 2949,1423 2949,1434 2949,1434 3031,1435 3036,1430 3037,1430 3038,1430 3038,1431 3039,1432 3039,1434 3039,1435 3130,1435 3131,1436 3131,1437 3131,1437 3368,1438 3371,1435 3373,1435 3376,1432 3377,1432 3378,1431 3386,1431 3387,1430 3389,1430 3391,1432 3391,1444 3391,1444 3537,1445 3538,1445 3538,1444 3541,1440 3543,1440 3545,1438 3588,1438 3590,1436 3591,1436 3592,1435 3594,1435 3596,1437 3596,1438 3598,1440 3598,1445 3598,1445 3632,1445 3635,1448 3635,1450 3636,1451 3636,1466 3635,1467 3635,1468 3634,1469 3634,1474 3631,1476 3630,1476 3629,1477 3626,1477 3626,1478 3626,1479 3624,1480 3623,1480 3622,1481 3620,1481 3619,1483 3619,1484 3613,1489 3612,1489 3611,1490 3588,1490 3587,1492 3587,1494 3585,1495 3582,1495 3581,1496 3562,1496 3560,1499 3560,1502 3559,1503 3559,1505 3556,1507 3554,1507 3554,1508 3554,1510 3552,1511 3551,1511 3547,1515 3537,1515 3536,1516 3536,1517 3536,1517 3400,1516 3399,1516 3400,1495 3399,1494 3302,1494 3301,1493 3298,1493 3297,1492 3297,1490 3296,1489 3077,1488 3076,1489 3017,1489 3017,1489 3017,1490 3015,1492 3015,1493 3014,1494 3013,1509 3013,1510 3011,1508 3009,1508 3008,1507 3007,1507 3007,1506 3007,1503 3006,1502 3006,1496 3005,1496 2934,1495 2934,1495 2934,1494 2933,1493 2681,1492 2681,1493 2681,1497 2680,1498 2679,1511 2677,1513 2676,1512 2673,1512 2672,1511 2671,1511 2670,1511 2671,1493 2670,1492 2497,1492 2497,1492 2497,1493 2495,1495 2464,1494 2463,1496 2463,1497 2460,1500 2460,1501 2457,1504 2457,1507 2456,1507 2454,1507 2453,1508 2452,1508 2450,1510 2448,1510 2447,1509 2445,1509 2443,1507 2319,1507 2318,1506 2317,1506 2316,1504 2316,1500 2315,1500 2306,1500 2306,1500 2305,1514 2305,1515"/>
        <TextEquiv index="0">
          <Unicode>nach den 3. 13. Septembris / anno 1650. ge⸗</Unicode>
        </TextEquiv>
        <TextEquiv index="1">
          <Unicode>nach den 3. 13. Septembris / anno 1650. ge⸗</Unicode>
        </TextEquiv>
      </TextLine>
      <TextLine id="l11">
        <Coords points="2291,1619 2290,1618 2288,1618 2287,1617 2287,1616 2287,1616 1972,1614 1971,1613 1965,1613 1964,1613 1964,1596 1963,1595 1963,1589 1962,1588 1962,1580 1961,1579 1961,1572 1962,1571 1962,1555 1963,1554 1963,1551 1965,1549 1965,1542 1966,1541 1966,1539 1968,1537 1970,1537 1970,1537 1970,1532 1972,1530 1972,1529 1973,1528 1974,1528 1977,1525 1977,1523 1980,1520 1981,1520 1983,1518 1986,1518 1988,1516 1990,1516 1991,1515 2302,1517 2304,1515 2857,1517 2858,1516 2864,1516 2865,1517 2871,1517 2872,1518 2873,1518 2874,1519 2875,1519 2875,1520 2875,1521 2876,1521 3155,1522 3155,1523 3155,1524 3156,1524 3157,1524 3158,1525 3201,1526 3202,1527 3584,1528 3585,1529 3586,1529 3588,1532 3588,1555 3589,1555 3608,1555 3609,1556 3617,1556 3617,1557 3617,1558 3618,1558 3619,1558 3620,1559 3621,1559 3621,1560 3621,1574 3619,1576 3619,1584 3618,1585 3616,1585 3613,1588 3612,1588 3611,1589 3608,1589 3603,1594 3600,1594 3597,1597 3597,1598 3597,1598 3595,1598 3594,1599 3594,1600 3594,1600 3584,1600 3582,1602 3582,1604 3581,1605 3579,1605 3578,1606 3304,1605 3303,1606 3303,1609 3302,1610 3212,1610 3211,1610 3211,1615 3211,1616 3210,1616 3206,1620 3190,1620 3189,1621 3032,1620 3031,1621 2406,1618 2405,1619"/>
        <TextEquiv index="0">
          <Unicode>ſtorben / folgends nach Cöln geführt / und all⸗</Unicode>
        </TextEquiv>
        <TextEquiv index="1">
          <Unicode>ſtorben / folgends nach Cöln geführt / und all⸗</Unicode>
        </TextEquiv>
      </TextLine>
      <TextLine id="l12">
        <Coords points="1960,1620 3625,1627 3625,1735 1959,1728"/>
        <TextEquiv index="0">
          <Unicode>da im Dom begraben worden iſt. 85. Maximi-</Unicode>
        </TextEquiv>
        <TextEquiv index="1">
          <Unicode>da im Dom begraben worden iſt. 85. Maximi-</Unicode>
        </TextEquiv>
      </TextLine>
      <TextLine id="l13">
        <Coords points="2786,1840 2785,1839 2782,1839 2781,1838 2780,1838 2776,1834 2776,1832 2775,1831 2775,1829 2774,1828 2774,1823 2774,1823 2763,1823 2762,1822 2762,1821 2761,1820 2761,1819 2761,1819 2611,1818 2607,1822 2607,1823 2603,1827 2602,1827 2600,1829 2594,1829 2592,1827 2592,1813 2592,1813 2555,1813 2554,1812 2399,1811 2398,1812 2262,1811 2261,1812 2150,1812 2149,1813 2148,1813 2147,1814 2143,1814 2142,1813 2126,1813 2125,1812 2122,1812 2120,1810 1940,1809 1939,1810 1939,1827 1939,1827 1938,1827 1937,1827 1937,1791 1938,1790 1938,1761 1939,1760 1964,1760 1964,1760 1964,1738 1965,1737 1966,1737 1967,1736 1968,1736 1969,1736 1969,1735 1969,1734 1971,1734 1972,1733 1975,1733 1978,1736 1977,1738 1978,1738 1999,1738 2000,1739 2001,1739 2002,1741 2002,1742 2003,1743 2003,1758 2004,1758 2178,1759 2178,1759 2178,1758 2180,1756 2206,1756 2206,1756 2206,1740 2207,1739 2208,1739 2209,1738 2262,1738 2263,1738 2266,1738 2267,1737 2271,1737 2272,1738 2286,1738 2287,1739 2287,1761 2288,1762 2348,1762 2349,1763 2434,1763 2434,1763 2434,1746 2436,1744 2440,1744 2441,1746 2441,1761 2442,1761 2455,1761 2455,1762 2455,1763 2456,1763 2535,1764 2536,1763 2647,1763 2647,1763 2647,1762 2648,1761 2649,1761 2650,1760 2743,1761 2744,1760 2756,1760 2756,1759 2756,1750 2758,1749 2762,1749 2764,1746 2764,1745 2767,1743 2769,1743 2770,1742 2772,1742 2773,1741 2775,1741 2776,1740 2865,1740 2865,1741 2865,1749 2866,1749 2879,1749 2880,1750 2883,1750 2884,1751 2885,1751 2887,1753 3039,1754 3039,1753 3039,1748 3040,1748 3155,1748 3155,1748 3155,1746 3156,1745 3156,1744 3158,1742 3286,1743 3287,1742 3288,1742 3289,1741 3290,1741 3292,1739 3295,1739 3296,1738 3297,1738 3298,1739 3300,1739 3301,1740 3304,1740 3305,1741 3359,1741 3360,1742 3365,1742 3365,1743 3365,1761 3366,1761 3425,1762 3427,1764 3588,1764 3588,1764 3588,1762 3589,1761 3589,1759 3590,1758 3590,1756 3594,1752 3595,1752 3596,1751 3597,1751 3597,1752 3597,1754 3598,1755 3598,1756 3600,1757 3601,1757 3602,1758 3603,1758 3604,1759 3608,1759 3609,1760 3611,1760 3612,1761 3614,1761 3616,1763 3618,1763 3619,1764 3620,1764 3621,1766 3621,1767 3622,1767 3624,1767 3624,1768 3624,1770 3626,1771 3627,1771 3629,1774 3629,1775 3630,1776 3630,1778 3631,1779 3631,1789 3630,1790 3630,1794 3629,1795 3629,1801 3627,1803 3627,1805 3626,1806 3626,1808 3620,1814 3619,1814 3617,1816 3616,1816 3615,1817 3614,1817 3613,1818 3612,1818 3611,1819 3610,1819 3609,1820 3608,1820 3607,1821 3581,1821 3578,1824 3578,1826 3578,1826 3577,1826 3576,1826 3576,1824 3575,1822 3574,1822 3573,1821 3551,1821 3550,1820 3362,1819 3361,1820 3308,1820 3306,1822 3300,1822 3299,1823 3298,1823 3297,1824 3296,1824 3295,1825 3294,1824 3292,1824 3287,1819 3110,1818 3109,1819 3109,1821 3105,1825 3105,1826 3104,1827 3104,1828 3103,1829 3103,1830 3102,1831 3102,1832 3099,1835 3098,1835 3097,1836 3096,1836 3095,1837 3094,1837 3093,1838 3089,1838 3088,1839 3086,1839 3085,1838 3082,1838 3081,1837 3074,1837 3072,1835 3070,1835 3069,1835 3069,1834 3069,1833 2868,1832 2867,1833 2867,1834 2866,1835 2864,1835 2863,1836 2860,1836 2859,1837 2790,1837 2789,1837 2789,1838 2789,1839 2788,1839 2787,1840"/>
        <TextEquiv index="0">
          <Unicode>lianus Henricus, auch Hertzog in Ober⸗ und</Unicode>
        </TextEquiv>
        <TextEquiv index="1">
          <Unicode>lianus Henricus, auch Hertzog in Ober⸗ und</Unicode>
        </TextEquiv>
      </TextLine>
      <TextLine id="l14">
        <Coords points="1936,1952 1936,1952 1936,1924 1937,1923 1937,1828 1938,1827 1939,1827 1939,1828 1939,1840 1940,1840 2002,1840 2005,1837 2006,1837 2007,1836 2012,1836 2013,1835 2029,1835 2030,1836 2034,1837 2035,1838 2035,1847 2036,1848 2073,1848 2075,1850 2075,1854 2075,1855 2120,1855 2121,1855 2121,1857 2121,1858 2124,1858 2127,1861 2129,1861 2130,1862 2131,1862 2132,1863 2133,1863 2134,1864 2135,1864 2137,1866 2257,1866 2259,1865 2259,1863 2261,1861 2261,1860 2264,1857 2264,1856 2265,1855 2266,1855 2267,1854 2267,1853 2271,1850 2274,1850 2275,1849 2280,1849 2281,1848 2283,1848 2284,1847 2291,1847 2292,1848 2293,1848 2294,1849 2297,1849 2298,1850 2300,1850 2301,1851 2319,1851 2319,1852 2324,1852 2325,1853 2327,1853 2328,1854 2332,1854 2333,1854 2333,1856 2333,1857 2335,1857 2336,1857 2336,1858 2338,1860 2338,1868 2338,1869 2400,1869 2401,1868 2403,1868 2404,1867 2422,1867 2424,1865 2450,1865 2451,1865 2451,1851 2452,1850 2452,1851 2452,1866 2452,1866 2490,1866 2491,1867 2505,1868 2506,1869 2586,1869 2589,1866 2589,1865 2590,1864 2590,1863 2590,1863 2591,1863 2592,1862 2592,1860 2593,1859 2636,1859 2637,1858 2639,1858 2640,1858 2640,1854 2640,1853 2642,1853 2645,1851 2651,1851 2652,1850 2654,1850 2655,1849 2655,1848 2656,1847 2657,1847 2657,1848 2657,1849 2658,1850 2658,1858 2658,1858 2671,1858 2672,1859 2674,1859 2676,1861 2677,1861 2680,1864 2680,1865 2680,1865 2681,1865 2684,1868 2815,1869 2816,1870 2839,1870 2840,1871 2840,1872 2841,1873 2934,1873 2935,1873 2935,1856 2938,1853 2938,1852 2939,1851 2940,1851 2941,1850 2956,1851 2956,1850 2956,1849 2958,1848 2959,1848 2960,1847 2962,1847 2963,1846 2965,1846 2966,1845 2968,1847 2968,1875 2968,1876 2983,1876 2984,1877 3057,1877 3058,1876 3060,1876 3061,1875 3093,1875 3095,1873 3124,1873 3125,1873 3125,1856 3127,1853 3128,1853 3130,1852 3182,1853 3184,1851 3189,1851 3190,1850 3193,1850 3195,1848 3197,1848 3198,1847 3202,1847 3203,1846 3205,1846 3206,1845 3208,1845 3209,1846 3216,1846 3217,1847 3252,1847 3252,1847 3252,1852 3253,1853 3253,1857 3253,1858 3314,1858 3316,1857 3316,1856 3317,1854 3318,1854 3319,1854 3319,1853 3321,1851 3324,1851 3325,1850 3326,1850 3327,1849 3329,1849 3330,1850 3332,1850 3333,1851 3336,1851 3337,1853 3337,1854 3338,1855 3338,1871 3338,1871 3422,1872 3423,1871 3423,1870 3424,1869 3424,1868 3425,1867 3425,1865 3426,1864 3426,1862 3427,1861 3427,1860 3427,1860 3430,1860 3431,1860 3431,1875 3431,1876 3491,1876 3492,1875 3492,1872 3492,1872 3527,1872 3528,1871 3547,1871 3548,1872 3548,1878 3548,1878 3610,1878 3611,1879 3615,1879 3620,1884 3621,1884 3624,1887 3625,1887 3626,1888 3627,1888 3628,1889 3628,1890 3629,1891 3629,1897 3631,1899 3631,1900 3632,1901 3632,1902 3633,1903 3633,1904 3632,1905 3632,1908 3631,1909 3631,1910 3630,1911 3630,1912 3629,1913 3629,1914 3626,1917 3626,1918 3623,1920 3622,1920 3621,1921 3620,1921 3617,1924 3612,1924 3611,1925 3602,1925 3601,1924 3576,1924 3575,1923 3472,1923 3471,1924 3407,1923 3406,1925 3406,1927 3405,1928 3405,1934 3403,1935 3401,1935 3400,1936 3341,1936 3341,1937 3341,1944 3340,1945 3340,1946 3339,1947 3339,1949 3337,1950 3328,1950 3327,1951 3320,1951 3319,1950 3315,1950 3315,1950 3315,1949 3314,1948 3314,1930 3313,1929 3300,1929 3300,1930 3300,1954 3299,1954 3299,1954 3299,1930 3298,1929 3231,1929 3230,1930 3229,1930 3228,1931 3223,1931 3222,1932 3221,1932 3220,1933 3208,1933 3207,1934 3206,1934 3205,1933 3197,1933 3196,1932 3194,1932 3193,1931 3189,1931 3188,1930 3187,1930 3186,1929 3183,1929 3182,1928 3180,1928 3180,1927 3180,1926 3179,1926 3177,1925 3176,1924 3175,1924 3173,1922 3103,1922 3102,1923 3100,1923 3099,1922 3026,1922 3025,1923 3024,1923 3023,1924 3021,1924 3019,1922 2939,1921 2938,1922 2937,1922 2936,1921 2848,1921 2843,1926 2840,1926 2839,1927 2777,1927 2776,1928 2716,1927 2715,1928 2713,1928 2711,1930 2674,1930 2673,1931 2672,1931 2669,1934 2660,1934 2660,1935 2660,1947 2659,1947 2654,1947 2653,1946 2652,1946 2651,1945 2649,1945 2649,1945 2649,1944 2648,1943 2648,1942 2647,1941 2647,1927 2646,1926 2569,1926 2569,1926 2569,1928 2568,1929 2568,1930 2567,1931 2567,1933 2566,1934 2564,1934 2564,1933 2564,1932 2563,1931 2563,1930 2562,1929 2562,1928 2561,1928 2486,1927 2485,1928 2426,1928 2425,1930 2425,1931 2424,1931 2423,1931 2420,1935 2420,1937 2419,1938 2419,1939 2418,1940 2418,1941 2417,1942 2417,1943 2414,1946 2414,1947 2413,1948 2413,1950 2411,1951 2410,1950 2405,1950 2404,1949 2404,1948 2403,1947 2403,1929 2402,1928 2322,1928 2321,1929 2309,1929 2307,1927 2306,1927 2305,1926 2304,1926 2301,1922 2301,1921 2299,1920 2297,1920 2296,1919 2235,1918 2231,1922 2230,1922 2229,1923 2228,1923 2227,1924 2200,1924 2198,1926 2197,1926 2196,1927 2182,1927 2182,1928 2182,1944 2181,1944 2181,1944 2181,1928 2180,1927 2033,1926 2031,1928 2029,1928 2028,1927 2028,1926 2027,1925 1938,1925 1938,1926 1938,1952 1937,1952"/>
        <TextEquiv index="0">
          <Unicode>Nieder⸗Bayern / Herrn Alberti Sohn / anno</Unicode>
        </TextEquiv>
        <TextEquiv index="1">
          <Unicode>Nieder⸗Bayern / Herrn alberti Sohn / anno</Unicode>
        </TextEquiv>
      </TextLine>
      <TextLine id="l15">
        <Coords points="2290,2061 2289,2060 2289,2038 2289,2038 2188,2037 2187,2038 2187,2040 2186,2041 2181,2041 2180,2040 2179,2040 2177,2039 2177,2036 2177,2035 2139,2035 2138,2034 2136,2034 2135,2033 2135,2032 2135,2032 2037,2032 2036,2033 2035,2033 2034,2034 2028,2033 2027,2032 1979,2032 1978,2031 1973,2031 1972,2030 1971,2030 1967,2027 1967,2003 1967,2002 1937,2002 1936,2002 1937,1965 1936,1964 1936,1953 1936,1952 1937,1952 1938,1953 1937,1979 1938,1979 2034,1980 2038,1976 2040,1976 2041,1975 2042,1975 2044,1973 2045,1973 2047,1971 2049,1971 2050,1970 2051,1970 2054,1967 2061,1967 2061,1967 2061,1983 2062,1984 2093,1984 2094,1985 2200,1985 2200,1985 2200,1973 2201,1972 2201,1970 2202,1969 2203,1969 2203,1969 2203,1967 2209,1961 2211,1963 2210,1967 2211,1967 2213,1967 2214,1968 2215,1968 2216,1969 2217,1969 2218,1970 2219,1970 2221,1972 2222,1972 2224,1974 2228,1974 2229,1975 2231,1975 2232,1976 2343,1977 2343,1976 2343,1974 2346,1972 2348,1972 2349,1970 2349,1969 2351,1968 2433,1968 2435,1966 2436,1966 2438,1964 2439,1964 2440,1963 2443,1963 2444,1962 2446,1962 2450,1958 2457,1958 2458,1957 2626,1958 2627,1957 2628,1957 2629,1956 2636,1956 2637,1957 2637,1959 2637,1959 2723,1960 2727,1963 2726,1978 2727,1979 2869,1979 2869,1979 2869,1971 2870,1970 2871,1970 2873,1968 2874,1967 2875,1966 2875,1965 2876,1963 2877,1963 2879,1961 2880,1961 2881,1960 2882,1960 2885,1957 2886,1958 2890,1958 2891,1959 2891,1960 2892,1961 2891,1978 2892,1978 3061,1979 3062,1978 3101,1978 3101,1978 3101,1977 3102,1976 3102,1975 3103,1974 3103,1972 3104,1971 3104,1970 3106,1968 3119,1968 3122,1966 3122,1965 3122,1964 3123,1965 3124,1965 3125,1966 3124,1971 3125,1971 3127,1971 3128,1972 3129,1972 3129,1973 3129,1974 3130,1974 3132,1974 3133,1975 3137,1975 3138,1976 3139,1976 3142,1979 3251,1980 3252,1979 3253,1979 3253,1978 3253,1977 3255,1976 3255,1976 3255,1977 3256,1978 3286,1978 3289,1981 3393,1981 3394,1980 3394,1979 3395,1978 3437,1979 3437,1978 3437,1977 3438,1976 3438,1970 3440,1969 3441,1969 3442,1968 3444,1968 3445,1967 3445,1964 3445,1964 3446,1964 3447,1963 3451,1963 3452,1962 3489,1962 3490,1961 3492,1961 3493,1960 3493,1959 3493,1959 3495,1959 3496,1960 3499,1960 3501,1961 3500,1982 3501,1983 3580,1983 3582,1981 3584,1981 3585,1983 3585,1984 3586,1984 3587,1984 3588,1985 3589,1985 3590,1986 3592,1986 3593,1987 3595,1987 3596,1988 3634,1988 3634,1989 3634,1990 3635,1991 3635,1992 3634,1993 3634,2018 3632,2020 3632,2021 3631,2022 3630,2022 3629,2023 3628,2023 3627,2024 3626,2024 3625,2025 3624,2025 3620,2029 3602,2029 3601,2030 3601,2037 3600,2038 3600,2039 3599,2040 3599,2041 3598,2042 3598,2043 3593,2048 3593,2049 3593,2049 3592,2049 3591,2050 3591,2052 3589,2054 3588,2054 3585,2057 3583,2057 3580,2060 3572,2060 3571,2061 3568,2058 3567,2058 3565,2056 3563,2056 3562,2055 3559,2055 3554,2051 3554,2040 3554,2039 3264,2038 3260,2041 3260,2043 3259,2044 3259,2045 3256,2048 3256,2050 3253,2054 3252,2054 3251,2055 3245,2055 3244,2054 3244,2053 3243,2052 3242,2052 3240,2050 3240,2048 3239,2047 3239,2046 3238,2045 3238,2039 3238,2039 3080,2038 3079,2039 3079,2040 3078,2041 3076,2043 3075,2043 3074,2043 3074,2041 3074,2040 3059,2040 3057,2038 3057,2037 3057,2037 2934,2036 2933,2037 2932,2037 2931,2038 2884,2038 2883,2039 2826,2039 2825,2039 2825,2041 2823,2043 2823,2044 2822,2045 2822,2047 2821,2049 2820,2049 2819,2049 2819,2050 2815,2055 2811,2055 2810,2056 2809,2056 2806,2059 2798,2059 2796,2057 2792,2057 2790,2055 2788,2055 2785,2052 2785,2051 2784,2050 2784,2049 2783,2048 2783,2032 2783,2032 2597,2031 2596,2032 2463,2031 2462,2032 2456,2032 2455,2033 2414,2033 2413,2034 2413,2038 2412,2039 2411,2039 2407,2043 2407,2044 2406,2045 2406,2046 2406,2046 2403,2046 2400,2044 2400,2043 2398,2040 2292,2040 2291,2040 2291,2060 2291,2061"/>
        <TextEquiv index="0">
          <Unicode>1621. den 8. Octobris geboren / der zwar läng⸗</Unicode>
        </TextEquiv>
        <TextEquiv index="1">
          <Unicode>1621. den 8. Octobris geboren / der zwar läng⸗</Unicode>
        </TextEquiv>
      </TextLine>
      <TextLine id="l16">
        <Coords points="3499,2171 3499,2170 3499,2168 3498,2168 3316,2167 3315,2166 3309,2166 3309,2166 3309,2165 3307,2163 3307,2161 3306,2160 3274,2160 3271,2156 3271,2154 3270,2154 3036,2153 3036,2153 3036,2160 3035,2161 3035,2162 3033,2164 3032,2164 3030,2166 3025,2166 3025,2165 3025,2149 3024,2149 2970,2149 2969,2148 2968,2148 2967,2147 2930,2146 2928,2144 2667,2143 2665,2146 2665,2147 2664,2148 2664,2150 2662,2152 2662,2153 2661,2154 2661,2155 2658,2158 2658,2159 2657,2159 2656,2159 2652,2163 2651,2163 2650,2162 2650,2144 2649,2143 2411,2142 2410,2144 2410,2145 2408,2146 2405,2146 2404,2148 2404,2149 2403,2149 2175,2148 2174,2149 2130,2149 2130,2149 2130,2152 2129,2153 2129,2154 2125,2158 2125,2159 2123,2161 2122,2161 2121,2162 1970,2161 1968,2163 1966,2163 1965,2162 1964,2162 1962,2160 1962,2097 1964,2095 1964,2091 1965,2090 1965,2086 1966,2085 1966,2083 1968,2081 1968,2079 1969,2078 1970,2078 1971,2077 1971,2076 1972,2075 1972,2074 1975,2071 1976,2071 1976,2071 1976,2070 1978,2068 1978,2067 1979,2066 1982,2066 1984,2064 1989,2064 1990,2063 1993,2063 1994,2062 1996,2062 1997,2063 1998,2063 1998,2064 1998,2065 1999,2065 2005,2065 2006,2067 2006,2069 2008,2070 2009,2070 2009,2071 2009,2083 2009,2083 2123,2084 2124,2084 2124,2085 2124,2086 2253,2086 2254,2086 2254,2074 2255,2073 2255,2071 2257,2069 2452,2070 2453,2069 2458,2069 2460,2067 2463,2067 2464,2066 2468,2066 2469,2065 2477,2065 2478,2064 2660,2065 2661,2064 2662,2064 2662,2065 2662,2070 2663,2070 2665,2070 2667,2072 2668,2072 2669,2074 2669,2089 2669,2089 2863,2090 2864,2089 2919,2089 2920,2089 2920,2083 2922,2081 2923,2081 2923,2081 2923,2077 2925,2075 2981,2076 2981,2075 2981,2074 2982,2074 3031,2074 3036,2069 3037,2069 3038,2068 3039,2068 3040,2067 3044,2067 3045,2066 3049,2066 3050,2065 3188,2066 3189,2065 3190,2065 3191,2064 3194,2064 3195,2063 3201,2063 3202,2064 3207,2064 3208,2065 3414,2066 3415,2065 3438,2065 3438,2064 3438,2063 3440,2062 3450,2062 3451,2063 3452,2063 3453,2064 3454,2064 3455,2065 3456,2065 3457,2066 3457,2068 3458,2069 3458,2085 3458,2086 3470,2086 3471,2086 3471,2089 3471,2090 3500,2090 3501,2091 3576,2091 3577,2092 3577,2093 3577,2093 3594,2093 3595,2094 3596,2094 3597,2095 3597,2097 3597,2097 3629,2097 3631,2099 3631,2101 3632,2102 3632,2108 3631,2109 3631,2119 3630,2120 3630,2128 3629,2129 3629,2130 3628,2130 3627,2130 3626,2131 3625,2131 3624,2132 3621,2132 3620,2134 3620,2135 3618,2136 3614,2136 3613,2137 3612,2137 3612,2138 3612,2139 3608,2142 3607,2142 3603,2146 3576,2146 3574,2148 3573,2148 3572,2149 3507,2149 3507,2149 3507,2169 3505,2171"/>
        <TextEquiv index="0">
          <Unicode>ſten zu einem Coadjutorn dieſes Ertzſtiffts er⸗</Unicode>
        </TextEquiv>
        <TextEquiv index="1">
          <Unicode>ſten zu einem Coadjutorn dieſes Ertzſtiffts er⸗</Unicode>
        </TextEquiv>
      </TextLine>
      <TextLine id="l17">
        <Coords points="1961,2170 3632,2177 3632,2282 1961,2275"/>
        <TextEquiv index="0">
          <Unicode>wehlt / aber erſt anno 1643. den 21. Januarii,</Unicode>
        </TextEquiv>
        <TextEquiv index="1">
          <Unicode>wehlt / aber erſt anno 1643. den 21. Januarii,</Unicode>
        </TextEquiv>
      </TextLine>
      <TextLine id="l18">
        <Coords points="1962,2279 3638,2286 3637,2394 1961,2387"/>
        <TextEquiv index="0">
          <Unicode>auff erfolgte deß Papſts Beſtätigung / darfür</Unicode>
        </TextEquiv>
        <TextEquiv index="1">
          <Unicode>auff erfolgte deß Papſts Beſtätigung / darfür</Unicode>
        </TextEquiv>
      </TextLine>
      <TextLine id="l19">
        <Coords points="1962,2388 3637,2395 3637,2499 1962,2492"/>
        <TextEquiv index="0">
          <Unicode>erkläret worden; der auch dieſer ſeiner neuen</Unicode>
        </TextEquiv>
        <TextEquiv index="1">
          <Unicode>erkläret worden; der auch dieſer ſeiner neuen</Unicode>
        </TextEquiv>
      </TextLine>
      <TextLine id="l20">
        <Coords points="1960,2498 3637,2505 3636,2611 1959,2604"/>
        <TextEquiv index="0">
          <Unicode>Braut / von hochgedachtes ſeines Herrn Bru⸗</Unicode>
        </TextEquiv>
        <TextEquiv index="1">
          <Unicode>Braut / von hochgedachtes ſeines Herrn Bru⸗</Unicode>
        </TextEquiv>
      </TextLine>
      <TextLine id="l21">
        <Coords points="2772,2712 2710,2711 2654,2711 2653,2712 2524,2712 2523,2711 2521,2711 2520,2710 2520,2705 2519,2704 2519,2697 2519,2697 2475,2696 2474,2695 2472,2695 2470,2693 2468,2693 2467,2692 2465,2692 2464,2691 2406,2691 2405,2691 2405,2690 2405,2689 2382,2689 2381,2688 2362,2688 2251,2687 2250,2688 2249,2688 2246,2691 2246,2692 2245,2693 2244,2693 2242,2695 2242,2696 2242,2696 2234,2696 2233,2697 2233,2709 2232,2710 2230,2710 2228,2708 2224,2708 2223,2707 2222,2707 2221,2707 2221,2706 2218,2703 2218,2702 2217,2701 2217,2695 2217,2694 2134,2694 2131,2691 2131,2690 2131,2690 2105,2690 2102,2687 2081,2687 2080,2686 1971,2685 1970,2684 1969,2684 1966,2681 1962,2681 1957,2677 1957,2666 1956,2665 1957,2624 1958,2623 1958,2620 1960,2618 1960,2617 1963,2613 1966,2613 1967,2614 1967,2619 1967,2619 1968,2619 1969,2620 1970,2620 1972,2622 1973,2622 1974,2623 1975,2623 1976,2624 1978,2624 1979,2625 1979,2626 1979,2626 2156,2627 2158,2626 2158,2625 2159,2624 2159,2622 2159,2621 2160,2621 2162,2619 2205,2619 2206,2618 2207,2618 2210,2615 2212,2615 2213,2614 2215,2614 2216,2614 2216,2613 2216,2612 2219,2612 2220,2611 2221,2611 2222,2610 2226,2610 2228,2608 2230,2608 2231,2609 2231,2621 2231,2621 2246,2621 2247,2622 2248,2622 2253,2627 2253,2628 2254,2629 2294,2630 2295,2631 2438,2631 2439,2631 2439,2630 2440,2629 2440,2628 2441,2627 2441,2625 2442,2624 2442,2623 2446,2619 2446,2618 2446,2617 2447,2617 2450,2614 2453,2614 2454,2614 2454,2612 2456,2609 2478,2609 2479,2608 2481,2608 2482,2607 2483,2607 2484,2606 2496,2607 2497,2606 2498,2607 2499,2607 2500,2608 2502,2608 2503,2608 2503,2609 2503,2610 2504,2610 2505,2610 2505,2613 2505,2614 2536,2614 2537,2614 2537,2616 2537,2617 2656,2617 2658,2615 2661,2615 2664,2612 2667,2612 2668,2611 2797,2612 2798,2612 2798,2613 2799,2615 2802,2615 2805,2618 2806,2618 2807,2619 2927,2619 2928,2618 2984,2619 2985,2618 2992,2618 2993,2617 3212,2618 3214,2616 3240,2616 3241,2615 3242,2615 3243,2614 3244,2614 3245,2613 3247,2613 3249,2611 3250,2611 3253,2613 3253,2615 3253,2616 3277,2616 3278,2616 3278,2619 3279,2620 3279,2636 3279,2637 3347,2637 3349,2639 3365,2639 3366,2640 3511,2641 3512,2640 3512,2632 3512,2632 3513,2632 3514,2631 3514,2625 3516,2623 3518,2623 3519,2622 3519,2621 3519,2621 3521,2622 3521,2624 3523,2627 3523,2628 3526,2631 3527,2631 3528,2632 3532,2632 3533,2633 3535,2633 3536,2634 3536,2635 3536,2635 3578,2635 3579,2636 3600,2636 3601,2637 3622,2637 3623,2638 3623,2639 3624,2640 3627,2640 3631,2644 3633,2644 3635,2646 3634,2678 3635,2678 3636,2679 3636,2679 3636,2680 3637,2681 3637,2683 3636,2684 3636,2686 3635,2687 3635,2688 3634,2689 3634,2690 3633,2691 3632,2691 3631,2692 3631,2694 3630,2695 3629,2695 3628,2696 3627,2696 3625,2698 3625,2699 3625,2699 3624,2699 3623,2700 3622,2699 3620,2699 3618,2698 3618,2697 3618,2696 3596,2696 3594,2694 3470,2694 3469,2695 3468,2695 3467,2696 3466,2696 3465,2697 3464,2697 3462,2699 3460,2699 3458,2697 3458,2688 3458,2688 3324,2687 3323,2686 3177,2685 3176,2686 3146,2686 3145,2687 3027,2687 3026,2688 2897,2687 2896,2688 2896,2689 2895,2690 2894,2690 2892,2692 2889,2692 2887,2694 2802,2694 2801,2695 2779,2695 2778,2695 2778,2701 2777,2702 2777,2710 2776,2712 2774,2712 2773,2713"/>
        <TextEquiv index="0">
          <Unicode>dern / Herrn Churfürſten Maximiliano, den</Unicode>
        </TextEquiv>
        <TextEquiv index="1">
          <Unicode>dern / Herrn Churfürſten Maximiliano, den</Unicode>
        </TextEquiv>
      </TextLine>
      <TextLine id="l22">
        <Coords points="3135,2824 3134,2823 3133,2823 3132,2822 3122,2822 3122,2822 3122,2821 3120,2819 3119,2819 3119,2819 3119,2805 3118,2804 2914,2803 2913,2804 2911,2804 2910,2803 2647,2802 2647,2803 2647,2813 2646,2813 2646,2813 2646,2803 2645,2802 2549,2802 2549,2802 2549,2811 2548,2812 2548,2811 2548,2802 2547,2802 2511,2802 2508,2805 2504,2805 2504,2804 2504,2801 2503,2801 2441,2800 2441,2801 2441,2819 2439,2820 2437,2820 2437,2820 2437,2819 2436,2818 2157,2817 2156,2816 2154,2816 2154,2816 2154,2815 2153,2814 2150,2814 2148,2812 2148,2802 2147,2801 2134,2801 2133,2800 2031,2800 2029,2797 1983,2797 1979,2793 1978,2793 1976,2791 1975,2791 1973,2789 1973,2744 1970,2740 1969,2740 1968,2740 1968,2739 1968,2738 1966,2738 1965,2737 1964,2737 1963,2736 1962,2736 1962,2733 1963,2732 1963,2728 1966,2725 1968,2725 1971,2722 1971,2721 1972,2720 1972,2719 1973,2718 1973,2717 1975,2715 1976,2715 1977,2714 1999,2714 2001,2712 2002,2712 2003,2711 2004,2711 2005,2710 2031,2710 2032,2712 2035,2712 2038,2715 2039,2715 2039,2715 2039,2716 2042,2719 2042,2720 2043,2721 2271,2722 2272,2721 2280,2721 2281,2722 2281,2723 2283,2725 2284,2725 2284,2725 2284,2731 2285,2732 2309,2732 2309,2732 2309,2733 2310,2734 2312,2734 2314,2736 2532,2737 2532,2736 2532,2735 2533,2734 2533,2733 2534,2733 2585,2733 2585,2732 2585,2726 2588,2724 2590,2724 2591,2725 2591,2726 2592,2727 2677,2727 2677,2728 2677,2732 2680,2734 2682,2734 2684,2736 2687,2736 2688,2737 2898,2738 2898,2738 2898,2736 2901,2733 2902,2733 2903,2732 2903,2730 2905,2728 2905,2727 2906,2726 2909,2726 2911,2724 2912,2724 2913,2723 2916,2723 2917,2722 2923,2722 2924,2723 3140,2724 3141,2725 3143,2725 3144,2727 3144,2730 3145,2731 3145,2732 3146,2732 3356,2733 3357,2732 3357,2730 3358,2729 3358,2728 3360,2726 3360,2725 3362,2723 3363,2723 3363,2723 3363,2722 3364,2721 3369,2721 3369,2721 3369,2720 3370,2719 3371,2719 3372,2718 3373,2718 3375,2716 3376,2716 3377,2715 3380,2715 3381,2714 3391,2714 3392,2715 3396,2715 3397,2716 3405,2716 3406,2717 3413,2718 3414,2719 3624,2719 3624,2720 3624,2750 3625,2750 3639,2751 3639,2751 3639,2757 3640,2758 3640,2773 3641,2774 3641,2782 3639,2784 3638,2784 3638,2784 3638,2785 3637,2786 3633,2785 3628,2790 3627,2790 3626,2791 3624,2791 3624,2792 3624,2793 3623,2793 3621,2795 3619,2795 3618,2797 3618,2798 3617,2798 3604,2798 3604,2799 3604,2814 3602,2815 3601,2815 3599,2817 3596,2817 3596,2818 3596,2819 3594,2820 3588,2820 3586,2822 3584,2822 3583,2821 3582,2821 3582,2821 3582,2820 3581,2819 3581,2818 3580,2817 3580,2814 3579,2813 3579,2808 3578,2807 3350,2806 3350,2807 3350,2809 3349,2809 3187,2809 3187,2809 3187,2819 3185,2821 3145,2820 3144,2821 3141,2821 3138,2824"/>
        <TextEquiv index="0">
          <Unicode>Nachlaß deren / in dem oberwehnten Druch⸗</Unicode>
        </TextEquiv>
        <TextEquiv index="1">
          <Unicode>Nachlaß deren / in dem oberwehnten Druch⸗</Unicode>
        </TextEquiv>
      </TextLine>
      <TextLine id="l23">
        <Coords points="1963,2825 3633,2832 3633,2935 1963,2928"/>
        <TextEquiv index="0">
          <Unicode>ſechß⸗Waldburgiſchen Krieg / gemachten</Unicode>
        </TextEquiv>
        <TextEquiv index="1">
          <Unicode>ſechß⸗Waldburgiſchen Krieg / gemachten</Unicode>
        </TextEquiv>
      </TextLine>
      <TextLine id="l24">
        <Coords points="1939,3044 1939,3044 1939,3042 1938,3041 1938,3015 1939,3014 1939,3010 1939,3009 1965,3009 1966,3009 1966,2967 1967,2966 1967,2962 1968,2961 1969,2961 1969,2961 1969,2959 1972,2956 1972,2953 1973,2952 1973,2951 1974,2950 1975,2950 1977,2948 1977,2947 1978,2946 1979,2946 1979,2946 1979,2944 1984,2939 1985,2939 1986,2938 1987,2938 1988,2937 1989,2937 1991,2935 1992,2935 1994,2933 1995,2933 1996,2932 2002,2932 2003,2931 2019,2931 2020,2930 2023,2930 2024,2931 2028,2931 2029,2932 2032,2933 2033,2934 2035,2934 2036,2935 2039,2935 2040,2936 2061,2936 2062,2937 2063,2937 2063,2937 2063,2938 2064,2939 2124,2939 2125,2940 2129,2940 2130,2941 2224,2941 2224,2942 2224,2946 2225,2946 2240,2946 2240,2947 2240,2948 2243,2950 2245,2950 2246,2951 2247,2951 2250,2954 2251,2954 2252,2955 2447,2956 2447,2956 2447,2955 2448,2954 2448,2952 2449,2951 2450,2951 2450,2951 2450,2949 2451,2948 2451,2947 2452,2946 2452,2945 2455,2942 2463,2942 2463,2942 2463,2941 2464,2940 2465,2940 2466,2939 2471,2939 2472,2940 2473,2940 2474,2942 2474,2943 2476,2944 2700,2945 2702,2943 2703,2943 2704,2942 2707,2942 2709,2940 2867,2941 2871,2945 3000,2946 3000,2946 3000,2953 3001,2954 3178,2955 3180,2953 3181,2953 3182,2952 3295,2952 3295,2952 3295,2949 3297,2947 3299,2947 3299,2947 3299,2945 3302,2942 3303,2942 3305,2940 3306,2940 3307,2939 3310,2939 3312,2937 3313,2937 3314,2936 3315,2936 3316,2937 3317,2937 3318,2938 3320,2938 3322,2940 3487,2941 3487,2940 3487,2939 3489,2938 3500,2938 3501,2937 3516,2937 3517,2936 3526,2936 3528,2938 3529,2938 3530,2939 3532,2939 3532,2940 3532,2942 3533,2942 3573,2942 3574,2943 3575,2943 3576,2944 3600,2944 3601,2945 3602,2945 3603,2947 3603,2968 3604,2968 3636,2969 3636,2969 3636,2970 3637,2971 3639,2971 3639,2971 3639,2972 3640,2973 3640,2974 3641,2975 3641,2996 3640,2997 3640,3001 3636,3005 3634,3004 3633,3005 3632,3005 3629,3008 3627,3008 3624,3011 3623,3011 3622,3012 3621,3012 3620,3014 3620,3042 3618,3043 3618,3043 3618,3024 3617,3023 3506,3023 3505,3024 3399,3023 3399,3024 3399,3042 3398,3042 3395,3042 3393,3040 3393,3039 3392,3038 3378,3038 3378,3038 3378,3034 3377,3033 3296,3033 3296,3033 3296,3032 3294,3030 3294,3026 3293,3025 3293,3024 3292,3023 3173,3022 3172,3021 3039,3021 3007,3021 3006,3022 2876,3021 2876,3022 2876,3038 2873,3040 2872,3040 2871,3041 2869,3041 2868,3042 2710,3041 2709,3042 2707,3042 2706,3041 2703,3041 2700,3038 2700,3037 2699,3036 2562,3036 2561,3035 2558,3035 2557,3034 2556,3034 2555,3033 2452,3032 2451,3031 2450,3031 2449,3030 2448,3030 2448,3030 2448,3025 2447,3024 2447,3018 2446,3017 2263,3017 2263,3017 2263,3029 2262,3030 2143,3029 2143,3029 2143,3032 2141,3034 2140,3034 2139,3035 2137,3035 2136,3036 2129,3036 2128,3035 2127,3035 2124,3031 2124,3029 2123,3028 2123,3025 2122,3024 2122,3018 2121,3018 1946,3017 1946,3018 1946,3044 1945,3044"/>
        <TextEquiv index="0">
          <Unicode>Schuld von ſechszehen hundert tauſend Cöl⸗</Unicode>
        </TextEquiv>
        <TextEquiv index="1">
          <Unicode>Schuld von ſechszehen hundert tauſend Cöl⸗</Unicode>
        </TextEquiv>
      </TextLine>
      <TextLine id="l25">
        <Coords points="1942,3166 1941,3166 1941,3165 1940,3164 1941,3083 1940,3082 1940,3073 1939,3072 1939,3045 1939,3044 2064,3045 2065,3044 2070,3044 2071,3043 2074,3043 2075,3044 2077,3044 2080,3047 2081,3047 2082,3047 2082,3051 2082,3052 2259,3052 2261,3051 2262,3051 2263,3050 2264,3050 2265,3049 2265,3047 2265,3047 2266,3047 2267,3046 2267,3045 2267,3045 2274,3045 2276,3043 2277,3043 2278,3042 2280,3042 2281,3043 2292,3043 2293,3044 2299,3044 2300,3044 2300,3045 2300,3046 2302,3046 2303,3047 2333,3047 2334,3048 2450,3048 2452,3050 2452,3064 2452,3064 2600,3065 2601,3064 2601,3063 2602,3062 2612,3062 2613,3061 2614,3061 2615,3061 2615,3059 2615,3058 2620,3058 2622,3060 2622,3062 2622,3062 2630,3062 2634,3066 2636,3066 2639,3069 2677,3069 2678,3070 2721,3071 2724,3073 2724,3074 2724,3075 2875,3075 2876,3075 2876,3062 2877,3060 2878,3060 2883,3056 2883,3054 2886,3050 2889,3050 2893,3046 2912,3046 2913,3047 2914,3047 2915,3048 2946,3048 2947,3049 3085,3050 3086,3051 3086,3052 3086,3052 3293,3053 3295,3051 3296,3051 3297,3050 3298,3050 3299,3049 3301,3049 3302,3048 3308,3048 3309,3047 3431,3048 3432,3047 3435,3047 3436,3046 3440,3046 3441,3047 3442,3047 3443,3048 3445,3048 3452,3054 3452,3063 3452,3064 3550,3064 3551,3065 3553,3065 3554,3066 3555,3066 3556,3067 3556,3070 3556,3070 3629,3070 3630,3071 3632,3071 3633,3072 3633,3074 3633,3074 3635,3075 3637,3077 3640,3077 3642,3078 3642,3080 3643,3081 3643,3111 3645,3113 3645,3114 3645,3115 3645,3118 3646,3119 3646,3121 3647,3122 3682,3122 3682,3122 3682,3123 3647,3123 3646,3123 3646,3124 3644,3127 3641,3130 3640,3130 3637,3133 3527,3132 3526,3133 3526,3134 3523,3137 3523,3139 3522,3140 3522,3141 3521,3142 3521,3145 3521,3145 3519,3145 3518,3145 3518,3146 3517,3147 3517,3148 3517,3149 3505,3149 3504,3150 3498,3150 3497,3149 3497,3148 3497,3148 3492,3148 3490,3146 3290,3145 3289,3146 3284,3146 3282,3144 3282,3139 3282,3139 3167,3138 3166,3138 3166,3137 3165,3136 3165,3131 3165,3130 2974,3130 2973,3130 2973,3139 2972,3140 2972,3145 2971,3147 2969,3147 2968,3148 2963,3148 2962,3147 2962,3133 2962,3133 2861,3132 2859,3131 2859,3130 2858,3128 2582,3127 2579,3130 2577,3130 2576,3129 2576,3127 2576,3127 2377,3126 2376,3127 2376,3145 2375,3146 2372,3146 2371,3147 2365,3147 2364,3148 2358,3148 2357,3149 2355,3149 2352,3146 2351,3146 2349,3144 2349,3128 2349,3128 2305,3128 2304,3127 2146,3126 2145,3127 2145,3137 2145,3137 2144,3137 2143,3137 2143,3138 2143,3139 2142,3139 2141,3139 2140,3140 2140,3141 2139,3143 2136,3143 2135,3142 1974,3141 1973,3142 1973,3165 1972,3166"/>
        <TextEquiv index="0">
          <Unicode>niſchen Thalern / den 20. Aprilis / deß beſagten</Unicode>
        </TextEquiv>
        <TextEquiv index="1">
          <Unicode>niſchen Thalern / den 20. Aprilis / deß beſagten</Unicode>
        </TextEquiv>
      </TextLine>
      <TextLine id="l26">
        <Coords points="1941,3269 1941,3269 1941,3167 1942,3166 2102,3167 2102,3166 2102,3160 2105,3157 2105,3156 2106,3156 2107,3156 2108,3154 2108,3153 2109,3153 2110,3153 2111,3152 2112,3152 2113,3151 2134,3151 2135,3152 2138,3152 2139,3153 2139,3155 2141,3157 2159,3157 2160,3158 2237,3158 2238,3159 2241,3159 2242,3160 2243,3160 2243,3161 2243,3171 2244,3171 2447,3172 2449,3174 2752,3176 2752,3175 2752,3170 2753,3169 2753,3167 2754,3167 2755,3167 2756,3166 2759,3166 2759,3165 2759,3162 2762,3160 2763,3160 2764,3159 2765,3159 2766,3157 2766,3156 2767,3156 2768,3156 2769,3157 3023,3158 3024,3159 3029,3159 3029,3159 3029,3161 3030,3162 3030,3171 3031,3172 3305,3173 3305,3173 3305,3172 3306,3171 3306,3169 3308,3167 3309,3167 3313,3163 3606,3164 3607,3163 3612,3163 3613,3165 3613,3166 3614,3167 3614,3175 3615,3175 3644,3176 3645,3177 3647,3177 3648,3178 3648,3183 3649,3184 3649,3188 3650,3189 3650,3193 3651,3194 3651,3196 3652,3197 3652,3198 3653,3199 3653,3222 3654,3223 3654,3226 3653,3227 3653,3228 3649,3232 3641,3232 3640,3233 3640,3234 3636,3238 3635,3238 3634,3239 3634,3240 3632,3241 3631,3241 3630,3242 3478,3242 3476,3244 3475,3244 3475,3243 3475,3242 3474,3241 3474,3239 3473,3239 3053,3237 3053,3237 3053,3257 3052,3258 3026,3258 3025,3259 3014,3259 3013,3258 2694,3256 2688,3256 2687,3257 2686,3256 2546,3256 2545,3255 2544,3255 2543,3254 2247,3252 2245,3254 2242,3254 2240,3256 2236,3256 2235,3257 2233,3257 2232,3258 2230,3258 2229,3257 1948,3256 1948,3257 1948,3269 1947,3269"/>
        <TextEquiv index="0">
          <Unicode>43. Jahre zuwegen gebracht hat; und der / wie</Unicode>
        </TextEquiv>
        <TextEquiv index="1">
          <Unicode>43. Jahre zuwegen gebracht hat; und der / wie</Unicode>
        </TextEquiv>
      </TextLine>
      <TextLine id="l27">
        <Coords points="1939,3367 1938,3367 1938,3347 1937,3346 1938,3322 1939,3321 1939,3306 1940,3305 1940,3281 1941,3280 1941,3270 1941,3269 1947,3269 1948,3270 1948,3284 1948,3284 2166,3285 2167,3285 2167,3281 2168,3280 2168,3278 2169,3276 2170,3276 2171,3276 2171,3274 2171,3273 2173,3273 2174,3273 2174,3272 2174,3271 2175,3271 2177,3269 2178,3269 2179,3268 2180,3268 2181,3269 2181,3276 2181,3276 2197,3276 2198,3277 2389,3278 2390,3278 2390,3274 2394,3270 2394,3269 2397,3265 2399,3265 2400,3266 2400,3281 2400,3281 2506,3282 2507,3281 2509,3281 2510,3280 2512,3280 2513,3281 2516,3281 2518,3282 2518,3284 2518,3285 2662,3285 2663,3284 2697,3284 2699,3283 2699,3276 2701,3274 2701,3272 2704,3268 2707,3268 2708,3269 2737,3270 2738,3270 2738,3283 2738,3284 2861,3284 2862,3284 2862,3282 2863,3281 2863,3277 2866,3273 2869,3273 2870,3274 2872,3274 2873,3275 2873,3277 2874,3278 2876,3278 2877,3279 2878,3279 2880,3281 3023,3282 3025,3280 3026,3280 3027,3279 3027,3276 3028,3275 3028,3273 3029,3272 3030,3272 3032,3270 3032,3269 3032,3269 3033,3269 3034,3268 3036,3268 3037,3267 3038,3267 3042,3263 3069,3263 3070,3262 3078,3262 3079,3261 3080,3262 3083,3262 3084,3263 3086,3263 3087,3264 3281,3265 3282,3264 3283,3264 3285,3266 3425,3267 3426,3266 3428,3266 3429,3265 3571,3265 3572,3264 3573,3265 3573,3273 3573,3273 3617,3273 3618,3274 3618,3280 3618,3280 3619,3280 3622,3283 3625,3283 3626,3284 3627,3284 3628,3285 3629,3285 3630,3286 3638,3287 3640,3288 3640,3289 3641,3291 3643,3291 3644,3291 3644,3292 3646,3294 3646,3298 3647,3299 3647,3301 3648,3302 3648,3307 3649,3308 3649,3309 3648,3310 3648,3328 3646,3330 3646,3331 3643,3334 3643,3335 3642,3336 3642,3337 3639,3340 3639,3341 3636,3344 3632,3343 3631,3344 3628,3344 3627,3345 3626,3345 3625,3346 3625,3347 3624,3348 3622,3348 3620,3350 3618,3350 3617,3351 3516,3351 3515,3352 3444,3352 3443,3352 3443,3353 3441,3355 3441,3356 3440,3357 3440,3359 3440,3360 3439,3360 3437,3362 3342,3361 3339,3364 3338,3364 3337,3364 3337,3363 3337,3362 3333,3362 3332,3361 3161,3360 3160,3361 3159,3361 3158,3361 3158,3360 3157,3358 3154,3358 3151,3356 3151,3351 3151,3350 3056,3350 3055,3349 3052,3349 3051,3348 3047,3348 3046,3347 3044,3347 3043,3346 2848,3345 2847,3346 2847,3347 2846,3348 2845,3348 2844,3347 2821,3347 2820,3346 2679,3345 2678,3346 2678,3347 2677,3348 2677,3350 2676,3351 2676,3352 2675,3353 2674,3353 2673,3354 2673,3355 2672,3356 2672,3358 2671,3359 2671,3360 2671,3360 2667,3360 2665,3362 2662,3362 2661,3363 2657,3363 2656,3364 2648,3364 2646,3362 2643,3362 2638,3358 2638,3357 2636,3355 2636,3346 2636,3345 2478,3344 2477,3345 2477,3354 2476,3355 2476,3356 2475,3357 2473,3357 2472,3358 2380,3358 2379,3359 2379,3360 2376,3363 2375,3363 2373,3361 2373,3355 2372,3354 2372,3348 2372,3348 2291,3348 2289,3346 2289,3345 2289,3345 2085,3344 2084,3345 2010,3344 2009,3345 2009,3349 2008,3350 2008,3351 2007,3352 2007,3353 2006,3354 2006,3355 2005,3356 2005,3357 2005,3357 2004,3357 2003,3358 2002,3358 1999,3361 1992,3361 1991,3362 1991,3363 1991,3363 1990,3363 1988,3365 1945,3365 1944,3366 1944,3367 1944,3367"/>
        <TextEquiv index="0">
          <Unicode>gemeldt / jetzt regierender Ertzbiſchoff und</Unicode>
        </TextEquiv>
        <TextEquiv index="1">
          <Unicode>gemeldt / jetzt regierender Ertzbiſchoff und</Unicode>
        </TextEquiv>
      </TextLine>
      <TextLine id="l28">
        <Coords points="1939,3492 1939,3492 1939,3480 1938,3479 1938,3370 1937,3369 1937,3368 1938,3367 1945,3367 1946,3368 2035,3369 2035,3369 2035,3370 2037,3372 2326,3373 2328,3371 2496,3372 2497,3371 2499,3371 2500,3370 2533,3370 2534,3369 2538,3369 2539,3370 2542,3370 2544,3372 2958,3374 2959,3373 2968,3373 2971,3376 2972,3376 2973,3377 2979,3377 2980,3378 3227,3379 3229,3377 3237,3377 3237,3376 3237,3373 3239,3372 3245,3372 3246,3371 3247,3371 3248,3370 3276,3370 3278,3372 3279,3372 3280,3373 3280,3374 3281,3375 3565,3376 3566,3377 3567,3377 3568,3378 3612,3378 3612,3379 3612,3427 3613,3427 3631,3427 3632,3428 3633,3428 3634,3429 3635,3430 3639,3434 3639,3435 3640,3436 3642,3438 3643,3438 3644,3439 3644,3442 3646,3444 3646,3445 3645,3446 3645,3452 3643,3455 3642,3455 3639,3458 3638,3458 3635,3460 3634,3460 3634,3460 3634,3463 3633,3464 3633,3465 3632,3465 3630,3465 3629,3466 3628,3466 3627,3467 3626,3467 3626,3468 3626,3486 3625,3486 3624,3486 3624,3486 3624,3468 3623,3467 3542,3467 3542,3468 3542,3473 3541,3473 3540,3473 3539,3474 3538,3474 3537,3475 3536,3474 3299,3473 3299,3474 3299,3475 3298,3475 3296,3475 3295,3476 3293,3476 3291,3474 3291,3473 3290,3471 3290,3458 3289,3458 2966,3457 2964,3458 2960,3458 2959,3459 2944,3458 2943,3459 2859,3459 2859,3460 2859,3465 2858,3465 2730,3465 2730,3465 2730,3468 2727,3471 2727,3473 2726,3474 2720,3474 2720,3473 2720,3457 2719,3457 2695,3456 2695,3455 2401,3454 2398,3457 2398,3458 2396,3460 2396,3461 2395,3462 2395,3463 2394,3463 2393,3463 2392,3465 2392,3466 2389,3468 2387,3468 2386,3469 2384,3469 2383,3470 2305,3470 2305,3470 2305,3471 2304,3472 2301,3472 2300,3473 2071,3472 2070,3473 2069,3473 2068,3474 1943,3473 1943,3474 1943,3492 1942,3492"/>
        <TextEquiv index="0">
          <Unicode>Churfürſt zu Cöln iſt. Seiner Churfürſtl.</Unicode>
        </TextEquiv>
        <TextEquiv index="1">
          <Unicode>Churfürſt zu Cöln iſt. Seiner Churfürſtl.</Unicode>
        </TextEquiv>
      </TextLine>
      <TextLine id="l29">
        <Coords points="1940,3589 1939,3589 1940,3569 1939,3568 1939,3493 1939,3492 1985,3492 1986,3492 1986,3491 1987,3490 1987,3489 1988,3487 1990,3487 1991,3487 1991,3486 1995,3481 1996,3481 1997,3480 1999,3480 2000,3479 2001,3479 2002,3478 2003,3478 2005,3476 2022,3476 2023,3477 2024,3477 2025,3478 2036,3479 2037,3480 2039,3480 2040,3481 2041,3481 2043,3482 2043,3485 2043,3486 2044,3486 2046,3487 2046,3488 2046,3489 2049,3489 2054,3493 2054,3494 2055,3495 2055,3496 2061,3502 2061,3503 2061,3504 2194,3504 2195,3504 2195,3495 2195,3494 2199,3494 2200,3494 2200,3492 2200,3491 2201,3491 2202,3490 2204,3490 2206,3488 2214,3488 2215,3489 2215,3490 2215,3490 2258,3490 2259,3491 2259,3496 2259,3497 2383,3497 2384,3497 2384,3496 2385,3494 2388,3494 2391,3492 2391,3491 2392,3489 2393,3489 2396,3486 2482,3486 2485,3483 2486,3483 2488,3482 2491,3482 2492,3481 2492,3480 2493,3479 2495,3479 2496,3478 2497,3478 2498,3477 2514,3477 2515,3478 2516,3478 2517,3479 2518,3479 2519,3480 2554,3480 2557,3482 2557,3487 2557,3488 2679,3488 2680,3487 2682,3487 2683,3486 2792,3487 2793,3486 2795,3486 2797,3484 2799,3484 2802,3481 2859,3481 2860,3480 2861,3480 2866,3485 2866,3500 2866,3500 2945,3500 2947,3503 2948,3503 2949,3504 3061,3504 3062,3504 3062,3486 3063,3484 3079,3484 3080,3483 3097,3483 3098,3484 3187,3485 3188,3485 3188,3509 3188,3510 3302,3510 3303,3509 3454,3510 3455,3509 3455,3507 3456,3506 3456,3505 3458,3503 3458,3502 3459,3501 3459,3500 3460,3499 3460,3498 3464,3494 3465,3494 3467,3492 3469,3492 3471,3490 3472,3490 3473,3489 3474,3489 3475,3488 3477,3488 3478,3487 3480,3487 3481,3486 3488,3486 3489,3485 3493,3485 3494,3486 3499,3486 3500,3487 3503,3487 3504,3488 3505,3488 3506,3489 3512,3489 3514,3491 3515,3491 3517,3492 3517,3493 3518,3494 3518,3505 3518,3506 3564,3506 3565,3507 3565,3511 3565,3511 3569,3511 3570,3512 3573,3512 3574,3513 3623,3513 3624,3513 3624,3487 3624,3486 3625,3486 3626,3487 3626,3513 3626,3513 3686,3514 3687,3513 3688,3513 3689,3513 3689,3514 3687,3516 3643,3516 3643,3516 3643,3540 3642,3541 3642,3542 3640,3544 3638,3544 3637,3545 3611,3544 3611,3545 3611,3558 3608,3560 3603,3560 3602,3561 3495,3561 3494,3562 3493,3561 3489,3561 3488,3560 3412,3560 3411,3559 3334,3558 3333,3557 3181,3557 3181,3557 3181,3558 3180,3559 3180,3566 3179,3567 3179,3572 3177,3573 3177,3576 3176,3577 3176,3578 3175,3579 3175,3580 3173,3582 3172,3582 3171,3583 3171,3584 3171,3584 3169,3584 3168,3585 3166,3585 3165,3586 3160,3586 3159,3585 3158,3585 3157,3585 3157,3584 3156,3583 3156,3573 3156,3572 3078,3572 3078,3572 3078,3559 3077,3558 3029,3558 3029,3558 3029,3559 3026,3562 3025,3562 3025,3562 3025,3563 3024,3564 2945,3563 2943,3566 2943,3570 2940,3572 2940,3573 2938,3575 2938,3576 2937,3577 2936,3577 2935,3578 2935,3579 2933,3581 2932,3581 2930,3583 2924,3583 2921,3581 2922,3566 2921,3565 2807,3565 2806,3566 2786,3566 2786,3566 2785,3577 2784,3578 2784,3579 2783,3580 2783,3581 2783,3582 2782,3582 2781,3583 2780,3582 2779,3582 2777,3580 2776,3580 2774,3578 2775,3566 2774,3566 2651,3565 2650,3566 2649,3566 2647,3564 2536,3564 2535,3565 2534,3565 2534,3565 2534,3569 2533,3570 2533,3569 2533,3566 2532,3566 2423,3565 2423,3566 2422,3576 2419,3579 2410,3579 2409,3580 2409,3587 2408,3588 2404,3588 2403,3588 2403,3577 2401,3575 2402,3565 2401,3564 2388,3564 2385,3561 2234,3560 2234,3561 2233,3576 2232,3577 2232,3578 2231,3579 2231,3580 2231,3580 2226,3580 2224,3582 2223,3581 2216,3581 2215,3581 2215,3580 2214,3578 2213,3578 2212,3578 2212,3576 2211,3575 2211,3572 2210,3571 2211,3564 2210,3563 2037,3563 2034,3566 2034,3567 2033,3568 2013,3567 2013,3568 2012,3570 2012,3570 2010,3570 2009,3571 2009,3588 2009,3588 1944,3588 1943,3589"/>
        <TextEquiv index="0">
          <Unicode>Durchleucht Titul / iſt beym P. Joanne Cru-</Unicode>
        </TextEquiv>
        <TextEquiv index="1">
          <Unicode>Durchleucht Titul / iſt beym P. Joanne Cru-</Unicode>
        </TextEquiv>
      </TextLine>
      <TextLine id="l30">
        <Coords points="1944,3695 1944,3695 1944,3694 1943,3693 1943,3686 1942,3685 1942,3670 1941,3669 1941,3644 1940,3643 1940,3590 1941,3589 2000,3589 2001,3588 2010,3588 2011,3589 2013,3589 2014,3590 2015,3590 2016,3592 2016,3593 2017,3594 2017,3618 2018,3618 2104,3619 2104,3618 2104,3606 2106,3604 2106,3603 2111,3599 2164,3599 2165,3598 2220,3598 2220,3598 2220,3597 2224,3593 2228,3593 2229,3592 2230,3593 2232,3593 2233,3594 2234,3594 2235,3595 2240,3595 2240,3596 2240,3611 2241,3611 2322,3612 2322,3611 2322,3610 2323,3610 2364,3610 2364,3609 2364,3594 2366,3593 2370,3593 2371,3592 2403,3592 2403,3592 2403,3589 2404,3588 2406,3588 2406,3589 2406,3593 2407,3593 2436,3593 2437,3594 2444,3594 2445,3596 2445,3617 2446,3617 2544,3618 2544,3617 2544,3598 2545,3597 2545,3596 2547,3595 2548,3595 2549,3594 2551,3594 2552,3595 2554,3595 2556,3597 2556,3616 2557,3617 2582,3617 2584,3619 2655,3619 2655,3619 2655,3604 2657,3602 2658,3602 2659,3601 2675,3601 2675,3601 2675,3597 2678,3594 2680,3594 2681,3593 2683,3593 2684,3592 2685,3592 2686,3591 2688,3591 2689,3590 2690,3590 2691,3592 2691,3598 2692,3598 2713,3598 2714,3599 2715,3599 2716,3601 2716,3618 2717,3618 2885,3619 2886,3618 2918,3618 2918,3618 2918,3595 2919,3594 2973,3595 2975,3593 2999,3593 3001,3595 3001,3619 3002,3620 3082,3620 3083,3619 3103,3619 3103,3619 3103,3609 3104,3608 3149,3608 3149,3608 3149,3607 3150,3606 3150,3604 3152,3602 3157,3602 3157,3603 3157,3604 3158,3605 3158,3620 3159,3620 3241,3621 3241,3620 3241,3619 3242,3618 3242,3615 3243,3615 3244,3615 3245,3616 3249,3616 3249,3616 3249,3618 3250,3619 3284,3619 3285,3620 3291,3620 3293,3622 3357,3622 3357,3622 3357,3599 3359,3597 3363,3597 3364,3596 3380,3596 3381,3595 3385,3595 3386,3596 3391,3596 3392,3597 3394,3597 3395,3598 3399,3598 3400,3599 3405,3600 3406,3601 3409,3601 3411,3603 3413,3603 3415,3605 3416,3605 3417,3606 3418,3606 3418,3606 3418,3608 3420,3610 3485,3610 3485,3609 3485,3607 3486,3606 3486,3605 3487,3604 3487,3603 3489,3602 3490,3603 3493,3603 3494,3604 3494,3652 3495,3653 3565,3653 3565,3653 3565,3645 3566,3644 3566,3643 3567,3642 3567,3641 3572,3636 3572,3616 3574,3614 3574,3613 3581,3606 3582,3606 3583,3605 3592,3605 3593,3606 3595,3606 3596,3607 3597,3607 3599,3610 3599,3614 3600,3614 3622,3614 3624,3616 3639,3617 3639,3617 3639,3619 3640,3620 3640,3660 3641,3661 3642,3661 3642,3661 3642,3664 3641,3665 3641,3666 3639,3669 3638,3669 3637,3670 3635,3670 3634,3670 3633,3670 3630,3673 3625,3673 3624,3674 3621,3674 3620,3673 3619,3673 3618,3672 3534,3672 3533,3673 3533,3675 3532,3676 3532,3678 3528,3682 3528,3683 3528,3683 3527,3683 3525,3685 3524,3685 3523,3686 3517,3686 3515,3684 3515,3671 3515,3671 3377,3670 3376,3671 3376,3699 3375,3699 3375,3699 3375,3685 3375,3684 3314,3684 3313,3683 3312,3683 3311,3683 3311,3674 3311,3673 3247,3673 3246,3672 3244,3672 3243,3671 3243,3670 3243,3670 3227,3670 3226,3669 3161,3668 3160,3669 3150,3669 3149,3670 3129,3670 3128,3671 3128,3682 3127,3683 3125,3683 3123,3682 3123,3669 3123,3668 3112,3668 3111,3667 3028,3667 3027,3668 2920,3667 2919,3668 2858,3668 2857,3669 2854,3669 2853,3668 2837,3668 2836,3667 2678,3666 2677,3667 2677,3691 2676,3691 2676,3691 2676,3668 2676,3667 2643,3667 2642,3666 2614,3666 2613,3665 2534,3665 2533,3666 2488,3665 2485,3668 2399,3668 2398,3669 2357,3669 2356,3669 2356,3692 2355,3693 2355,3692 2355,3681 2355,3681 2349,3681 2348,3680 2348,3675 2348,3675 2321,3675 2319,3673 2319,3672 2318,3671 2249,3670 2248,3671 2216,3671 2215,3672 2215,3674 2214,3675 2214,3680 2213,3681 2213,3685 2209,3688 2208,3688 2208,3688 2208,3687 2207,3686 2207,3685 2206,3684 2206,3675 2206,3674 2094,3674 2092,3675 2092,3676 2089,3680 2088,3680 2086,3682 2084,3682 2083,3683 2081,3683 2080,3684 2079,3684 2077,3682 2077,3665 2077,3665 1952,3664 1951,3665 1951,3692 1950,3693 1950,3694 1948,3695"/>
        <TextEquiv index="0">
          <Unicode>ſio, dieſer: Maximilianus Henricus, Dei, &amp;</Unicode>
        </TextEquiv>
        <TextEquiv index="1">
          <Unicode>ſio, dieſer: Maximilianus Henricus, Dei, &amp;</Unicode>
        </TextEquiv>
      </TextLine>
      <TextLine id="l31">
        <Coords points="1943,3814 1942,3814 1942,3808 1941,3807 1942,3798 1941,3797 1942,3796 1942,3783 1943,3782 1943,3701 1944,3700 1944,3696 1944,3695 2491,3698 2492,3697 2493,3697 2494,3696 2499,3696 2500,3697 2501,3697 2502,3698 2503,3698 2504,3699 2505,3699 2506,3700 3407,3704 3409,3702 3410,3702 3411,3701 3424,3701 3426,3702 3426,3703 3427,3704 3427,3728 3427,3729 3562,3729 3563,3730 3563,3732 3563,3732 3638,3733 3639,3734 3640,3734 3642,3735 3642,3736 3644,3738 3644,3743 3643,3744 3643,3773 3642,3774 3642,3775 3635,3782 3632,3781 3631,3782 3628,3782 3627,3783 3595,3783 3594,3784 3528,3784 3528,3785 3527,3807 3527,3807 3524,3807 3523,3808 3521,3808 3520,3809 3143,3807 3142,3808 3142,3810 3142,3810 2072,3806 2071,3807 1950,3806 1949,3807 1949,3814 1949,3814"/>
        <TextEquiv index="0">
          <Unicode>Apoſtolicæ ſedis gratiâ, Archiepiſcopus</Unicode>
        </TextEquiv>
        <TextEquiv index="1">
          <Unicode>Apoſtolicæ ſedis gratiä, Archiepiſcopus</Unicode>
        </TextEquiv>
      </TextLine>
      <TextLine id="l32">
        <Coords points="3565,3921 3564,3920 3562,3920 3560,3918 3560,3892 3560,3891 3530,3891 3529,3890 3398,3889 3397,3888 3392,3888 3322,3888 3321,3889 3303,3889 3302,3890 3300,3890 3299,3889 3170,3888 3169,3889 3166,3889 3165,3890 3114,3890 3113,3891 3113,3919 3112,3919 3092,3919 3091,3918 3088,3918 3087,3917 3087,3886 3087,3885 2998,3885 2997,3886 2985,3886 2984,3886 2984,3899 2984,3900 2983,3900 2982,3899 2930,3898 2928,3896 2927,3896 2925,3895 2925,3894 2924,3893 2924,3892 2923,3891 2923,3890 2921,3888 2921,3887 2921,3886 2840,3886 2838,3888 2769,3888 2766,3891 2764,3889 2761,3889 2759,3887 2598,3886 2597,3886 2597,3910 2596,3912 2595,3911 2595,3910 2595,3910 2589,3910 2588,3909 2588,3908 2587,3907 2587,3886 2587,3886 2578,3886 2576,3888 2569,3888 2568,3887 2466,3886 2465,3887 2465,3888 2464,3889 2464,3893 2462,3895 2462,3896 2459,3899 2459,3900 2459,3900 2456,3900 2453,3903 2447,3903 2446,3903 2446,3887 2446,3886 2425,3886 2424,3885 2406,3885 2405,3884 2292,3884 2291,3885 2290,3885 2289,3886 2030,3885 2029,3885 1951,3885 1950,3886 1950,3904 1950,3904 1943,3904 1942,3904 1942,3815 1943,3814 1998,3814 2000,3812 2013,3812 2014,3811 2017,3811 2018,3812 2023,3812 2024,3813 2026,3813 2027,3814 2030,3815 2031,3816 2035,3816 2036,3817 2110,3817 2110,3816 2110,3814 2113,3812 2119,3812 2120,3813 2120,3822 2121,3823 2121,3837 2122,3838 2243,3838 2243,3838 2243,3819 2244,3818 2244,3817 2245,3816 2246,3815 2247,3815 2248,3814 2249,3815 2250,3815 2252,3818 2252,3837 2253,3837 2314,3838 2315,3837 2316,3837 2317,3836 2318,3836 2319,3835 2368,3835 2368,3834 2368,3832 2369,3831 2369,3830 2372,3827 2372,3826 2373,3826 2373,3823 2375,3821 2375,3820 2377,3818 2377,3817 2378,3816 2379,3816 2384,3811 2389,3811 2389,3811 2389,3810 2390,3809 2391,3809 2392,3808 2402,3808 2403,3809 2405,3809 2405,3810 2405,3811 2408,3814 2408,3837 2409,3837 2492,3838 2492,3837 2492,3826 2494,3824 2494,3822 2495,3821 2495,3819 2497,3817 2497,3816 2501,3813 2503,3813 2504,3812 2506,3812 2507,3811 2510,3811 2511,3810 2521,3810 2522,3811 2527,3811 2529,3813 2530,3813 2531,3814 2531,3817 2532,3818 2532,3819 2533,3820 2533,3837 2534,3838 2611,3838 2612,3837 2670,3837 2670,3837 2670,3818 2672,3816 2722,3817 2723,3816 2725,3816 2726,3815 2727,3815 2728,3814 2729,3814 2730,3813 2744,3813 2746,3815 2749,3815 2750,3816 2750,3817 2751,3818 2752,3818 2753,3819 2753,3820 2755,3822 2755,3823 2756,3824 2756,3825 2757,3826 2757,3838 2758,3839 2845,3839 2846,3838 2847,3838 2848,3837 2850,3837 2851,3838 2868,3838 2869,3839 2899,3839 2900,3840 2901,3840 2903,3842 2904,3842 2906,3844 2970,3845 2970,3844 2970,3813 2972,3812 2978,3812 2979,3811 3000,3811 3001,3812 3001,3835 3002,3836 3020,3836 3021,3837 3036,3837 3037,3838 3105,3838 3105,3839 3105,3841 3106,3841 3136,3841 3136,3841 3136,3832 3137,3831 3137,3832 3137,3841 3138,3841 3140,3841 3140,3841 3140,3822 3141,3821 3142,3821 3142,3822 3142,3841 3143,3841 3165,3841 3166,3842 3226,3843 3226,3842 3226,3822 3229,3820 3230,3820 3231,3819 3256,3819 3257,3818 3298,3818 3300,3816 3301,3816 3302,3815 3308,3815 3309,3814 3319,3814 3320,3815 3331,3815 3332,3816 3334,3816 3337,3819 3340,3819 3340,3820 3340,3821 3342,3822 3406,3823 3406,3823 3406,3841 3407,3842 3479,3842 3479,3841 3479,3836 3481,3835 3483,3835 3483,3835 3483,3840 3484,3841 3506,3841 3507,3842 3630,3842 3631,3841 3635,3842 3639,3846 3639,3847 3640,3848 3641,3848 3641,3848 3641,3871 3642,3872 3642,3873 3644,3875 3644,3877 3643,3878 3643,3882 3641,3884 3641,3885 3640,3887 3638,3887 3637,3887 3637,3888 3636,3890 3634,3890 3633,3890 3631,3890 3630,3891 3626,3891 3625,3892 3582,3892 3581,3893 3581,3917 3580,3918 3580,3919 3579,3919 3578,3919 3577,3920 3574,3920 3573,3921"/>
        <TextEquiv index="0">
          <Unicode>Colonienſis, Sacri Rom. Imperii Princeps</Unicode>
        </TextEquiv>
        <TextEquiv index="1">
          <Unicode>Colonienſis, Sacri Rom. Imperii Princeps</Unicode>
        </TextEquiv>
      </TextLine>
      <TextLine id="l33">
        <Coords points="1948,4026 1948,4026 1948,4012 1947,4011 1947,3972 1946,3971 1946,3945 1945,3944 1945,3919 1944,3918 1944,3914 1943,3913 1943,3905 1944,3904 1951,3904 1951,3905 1951,3913 1952,3914 1952,3917 1952,3917 2945,3921 2947,3920 2949,3920 2950,3919 2953,3919 2954,3920 3187,3921 3188,3922 3271,3922 3273,3924 3294,3924 3297,3927 3397,3927 3398,3928 3399,3928 3400,3929 3401,3929 3402,3930 3402,3932 3402,3932 3587,3933 3588,3934 3598,3934 3599,3935 3600,3935 3605,3940 3605,3941 3607,3943 3623,3943 3624,3944 3625,3944 3626,3945 3640,3946 3641,3947 3643,3947 3644,3947 3644,3990 3643,3991 3643,3992 3642,3993 3642,3994 3635,4001 3633,4001 3632,4001 3629,4001 3628,4002 3528,4002 3528,4003 3528,4004 3526,4005 3525,4005 3523,4007 3522,4007 3521,4008 3519,4008 3518,4009 3517,4009 3516,4010 3516,4011 3515,4012 3513,4012 3513,4011 3513,4010 3512,4009 3512,4002 3511,4002 2526,3998 2526,3998 2526,4020 2525,4021 2338,4020 2334,4024 1955,4022 1955,4023 1955,4026 1954,4026"/>
        <TextEquiv index="0">
          <Unicode>Elector, per Italiam Archicancellarius, &amp;</Unicode>
        </TextEquiv>
        <TextEquiv index="1">
          <Unicode>Elector, per Italiam archicancellarius, &amp;</Unicode>
        </TextEquiv>
      </TextLine>
      <TextLine id="l34">
        <Coords points="3216,4141 3215,4140 3211,4140 3210,4139 2571,4136 2570,4135 2569,4135 2568,4134 2568,4133 2565,4130 1945,4127 1944,4127 1944,4102 1945,4101 1945,4041 1946,4040 1947,4040 1948,4039 1949,4027 1949,4026 2008,4026 2009,4025 2263,4027 2264,4026 2265,4026 2266,4025 2270,4025 2271,4024 2273,4024 2274,4025 2277,4025 2278,4026 2279,4026 2280,4027 2281,4027 2283,4028 2282,4030 2283,4031 3304,4035 3305,4034 3307,4034 3309,4032 3310,4032 3312,4030 3316,4030 3317,4029 3321,4029 3322,4030 3324,4030 3326,4032 3327,4032 3327,4033 3327,4037 3328,4038 3328,4056 3329,4056 3640,4058 3642,4060 3643,4060 3644,4061 3646,4061 3648,4063 3648,4064 3651,4067 3651,4099 3647,4103 3647,4104 3645,4107 3641,4107 3638,4109 3638,4110 3637,4112 3597,4111 3596,4112 3521,4112 3520,4113 3520,4140 3520,4140 3431,4140 3430,4141 3425,4141 3424,4142"/>
        <TextEquiv index="0">
          <Unicode>dictæ ſedis Legatus natus, Epiſcopus ac</Unicode>
        </TextEquiv>
        <TextEquiv index="1">
          <Unicode>dictæ ſedis Legatus natus, Epiſcopus ac</Unicode>
        </TextEquiv>
      </TextLine>
      <TextLine id="l35">
        <Coords points="2963,4252 2963,4251 2963,4218 2962,4218 2935,4217 2934,4218 2879,4218 2878,4219 2877,4218 2776,4218 2776,4218 2776,4221 2775,4222 2775,4223 2772,4226 2772,4227 2767,4232 2766,4232 2765,4233 2763,4233 2762,4234 2760,4234 2759,4233 2758,4233 2758,4232 2758,4218 2757,4218 2738,4218 2737,4217 2733,4217 2732,4216 2605,4215 2604,4216 2603,4216 2602,4217 2601,4217 2600,4218 2538,4218 2537,4219 2535,4219 2534,4220 2529,4220 2528,4219 2510,4219 2509,4218 2421,4217 2420,4218 2419,4217 2412,4217 2411,4216 2373,4216 2372,4215 2259,4215 2258,4216 2257,4215 2257,4216 2257,4241 2254,4243 2251,4243 2250,4244 2240,4244 2239,4243 2239,4242 2238,4241 2238,4216 2237,4215 2208,4215 2207,4214 2142,4214 2141,4215 2140,4215 2139,4214 2109,4214 2108,4213 1997,4212 1996,4213 1948,4213 1948,4214 1948,4244 1947,4244 1945,4244 1945,4244 1945,4139 1944,4138 1944,4128 1945,4127 1950,4127 1951,4129 1951,4138 1952,4138 1997,4138 1998,4139 2007,4139 2009,4141 2078,4142 2078,4143 2079,4143 2081,4144 2081,4145 2082,4146 2082,4165 2082,4166 2171,4166 2172,4165 2173,4165 2174,4166 2217,4166 2218,4167 2224,4167 2225,4168 2298,4169 2299,4168 2300,4168 2301,4167 2331,4167 2332,4166 2332,4142 2335,4140 2356,4140 2357,4139 2358,4140 2363,4140 2363,4140 2363,4142 2360,4145 2357,4145 2356,4146 2355,4146 2354,4147 2353,4147 2353,4147 2353,4167 2353,4168 2425,4168 2426,4169 2524,4170 2525,4169 2525,4146 2525,4146 2526,4146 2527,4145 2531,4145 2532,4146 2534,4146 2535,4147 2559,4147 2561,4148 2561,4150 2562,4151 2562,4168 2562,4169 2628,4169 2630,4167 2632,4167 2633,4166 2679,4166 2681,4165 2681,4161 2683,4159 2683,4157 2684,4156 2684,4154 2685,4153 2685,4152 2686,4151 2686,4150 2688,4148 2688,4147 2688,4146 2689,4146 2690,4146 2690,4145 2690,4144 2691,4144 2693,4143 2701,4143 2701,4143 2701,4141 2703,4139 2711,4139 2712,4140 2713,4140 2714,4142 2714,4143 2715,4144 2715,4168 2715,4168 2792,4169 2793,4168 2793,4159 2794,4158 2794,4157 2795,4156 2795,4155 2795,4155 2796,4155 2798,4153 2799,4153 2800,4152 2800,4151 2800,4151 2803,4151 2804,4152 2811,4152 2812,4153 2813,4153 2817,4157 2874,4157 2875,4157 2875,4147 2876,4146 2876,4145 2878,4143 2949,4144 2950,4143 3048,4143 3049,4142 3051,4142 3052,4141 3053,4141 3054,4140 3060,4140 3062,4143 3062,4172 3062,4172 3127,4172 3128,4172 3128,4170 3129,4169 3129,4166 3130,4165 3130,4164 3131,4163 3131,4162 3132,4161 3132,4160 3133,4159 3133,4158 3134,4157 3134,4156 3134,4155 3135,4155 3136,4155 3136,4152 3138,4150 3138,4149 3138,4148 3139,4148 3142,4145 3146,4145 3147,4145 3147,4144 3149,4142 3158,4142 3159,4143 3162,4143 3163,4144 3164,4144 3165,4146 3165,4147 3166,4148 3166,4172 3166,4172 3231,4173 3232,4172 3280,4172 3281,4171 3281,4169 3282,4168 3282,4166 3283,4165 3283,4163 3284,4162 3284,4161 3285,4160 3285,4158 3287,4156 3287,4155 3288,4154 3288,4153 3290,4151 3292,4151 3293,4151 3293,4149 3293,4148 3295,4148 3297,4146 3299,4146 3302,4144 3303,4144 3304,4143 3307,4143 3308,4142 3313,4142 3316,4145 3317,4145 3317,4146 3318,4146 3320,4148 3320,4172 3320,4172 3348,4172 3349,4173 3351,4173 3353,4175 3418,4176 3419,4175 3419,4173 3420,4172 3420,4171 3421,4170 3422,4170 3423,4169 3425,4169 3426,4170 3487,4170 3488,4169 3488,4143 3489,4143 3490,4143 3491,4142 3499,4142 3501,4144 3501,4167 3501,4168 3516,4168 3517,4168 3517,4169 3517,4170 3594,4170 3595,4170 3595,4154 3599,4149 3600,4149 3601,4148 3603,4148 3605,4150 3605,4151 3605,4151 3606,4151 3608,4153 3608,4190 3608,4190 3643,4191 3644,4192 3645,4192 3646,4192 3646,4193 3647,4194 3647,4196 3646,4197 3646,4198 3645,4199 3644,4199 3643,4200 3642,4200 3641,4201 3637,4201 3636,4202 3614,4201 3614,4202 3614,4215 3613,4216 3613,4217 3611,4218 3597,4218 3596,4219 3587,4219 3586,4220 3585,4220 3584,4219 3376,4218 3376,4219 3376,4224 3375,4225 3375,4226 3374,4227 3374,4228 3369,4232 3368,4232 3366,4234 3362,4234 3361,4235 3359,4235 3359,4235 3359,4221 3358,4220 3336,4220 3335,4219 3276,4219 3275,4218 3274,4218 3273,4217 3204,4217 3203,4218 3202,4218 3202,4218 3202,4219 3201,4220 3198,4220 3197,4221 3193,4221 3192,4222 3187,4222 3186,4221 3184,4221 3183,4220 3103,4219 3102,4220 3099,4220 3098,4221 3097,4221 3096,4222 3089,4222 3088,4221 3087,4221 3085,4219 3053,4219 3052,4218 2990,4218 2990,4218 2990,4223 2989,4224 2989,4223 2989,4218 2988,4218 2975,4218 2975,4218 2975,4251 2974,4252"/>
        <TextEquiv index="0">
          <Unicode>Princeps Leodienſis, &amp; Hildeſienſis, Admi-</Unicode>
        </TextEquiv>
        <TextEquiv index="1">
          <Unicode>Princeps Leodienſis, &amp; Hildeſienſis, admi-</Unicode>
        </TextEquiv>
      </TextLine>
      <TextLine id="l36">
        <Coords points="1947,4356 1946,4356 1947,4257 1946,4256 1946,4249 1945,4248 1945,4245 1945,4244 1946,4244 1947,4245 1947,4246 1947,4246 2083,4247 2084,4248 2085,4248 2087,4250 2088,4250 2089,4251 2091,4251 2092,4251 2092,4253 2093,4254 2093,4255 2094,4257 2094,4258 2095,4259 2095,4271 2096,4272 2338,4273 2338,4272 2339,4253 2339,4253 2341,4253 2343,4251 2533,4252 2534,4251 2538,4251 2540,4252 2540,4256 2541,4257 2540,4276 2541,4277 2593,4277 2594,4278 2595,4278 2596,4279 2811,4280 2811,4279 2812,4256 2814,4254 2815,4254 2816,4253 2956,4254 2957,4253 2962,4253 2963,4252 2979,4252 2981,4253 2981,4254 2982,4255 2981,4268 2982,4269 3225,4270 3225,4269 3225,4261 3226,4260 3227,4258 3229,4256 3233,4256 3234,4257 3235,4257 3237,4258 3236,4278 3237,4279 3461,4280 3462,4279 3519,4279 3519,4279 3520,4257 3520,4256 3529,4256 3530,4255 3549,4255 3550,4256 3555,4256 3556,4257 3558,4257 3559,4258 3561,4258 3563,4260 3564,4260 3566,4263 3566,4264 3567,4265 3567,4280 3568,4280 3600,4280 3601,4281 3602,4281 3604,4283 3608,4283 3608,4284 3608,4285 3611,4288 3611,4300 3612,4300 3644,4301 3646,4303 3646,4304 3647,4305 3647,4306 3648,4307 3648,4312 3645,4316 3617,4315 3616,4316 3616,4328 3615,4329 3615,4330 3614,4331 3614,4332 3614,4332 3606,4332 3605,4331 3604,4331 3603,4330 3380,4329 3379,4330 3379,4357 3377,4359 3376,4358 3362,4358 3361,4357 3360,4357 3359,4356 3358,4356 3357,4356 3357,4329 3357,4328 3137,4327 3136,4328 3135,4328 3134,4329 3117,4329 3116,4330 3067,4330 3066,4331 3066,4335 3065,4336 3065,4337 3061,4341 3059,4341 3055,4345 3053,4345 3051,4343 3050,4343 3048,4341 3048,4331 3048,4331 2813,4330 2812,4330 2812,4348 2811,4349 2811,4352 2811,4353 2723,4353 2720,4356 2719,4356 2718,4357 2717,4357 2716,4358 2708,4357 2707,4358 2700,4358 2699,4357 2695,4357 2693,4355 2692,4355 2690,4353 2689,4353 2688,4353 2688,4351 2687,4350 2687,4347 2686,4346 2686,4330 2686,4329 2428,4328 2425,4331 2421,4331 2420,4330 2414,4330 2412,4328 2246,4327 2245,4326 1966,4325 1965,4326 1965,4346 1965,4346 1951,4346 1950,4347 1950,4348 1949,4349 1949,4356 1949,4356"/>
        <TextEquiv index="0">
          <Unicode>niſtrator Berchtesgadenſis, utriusque Ba-</Unicode>
        </TextEquiv>
        <TextEquiv index="1">
          <Unicode>niſtrator Berchtesgadenſis, utriusque Ba-</Unicode>
        </TextEquiv>
      </TextLine>
      <TextLine id="l37">
        <Coords points="1948,4469 1947,4468 1947,4359 1946,4358 1946,4357 1947,4356 2264,4358 2265,4357 2270,4357 2271,4356 2274,4356 2275,4357 3330,4361 3332,4359 3337,4359 3338,4360 3531,4361 3531,4362 3531,4363 3532,4364 3532,4366 3534,4367 3553,4367 3554,4369 3554,4388 3554,4388 3611,4388 3613,4390 3613,4391 3613,4391 3614,4391 3615,4392 3618,4392 3623,4397 3623,4398 3624,4399 3624,4401 3625,4402 3625,4419 3625,4419 3634,4420 3635,4421 3639,4421 3640,4422 3641,4422 3642,4423 3643,4423 3644,4423 3644,4424 3644,4425 3714,4425 3716,4426 3716,4427 3714,4429 3711,4429 3711,4429 3711,4437 3710,4438 3651,4438 3651,4438 3651,4442 3649,4444 3649,4445 3648,4446 3648,4447 3646,4449 3645,4449 3645,4449 3644,4450 3644,4451 3640,4455 3637,4455 3637,4455 3637,4456 3636,4457 3633,4457 3632,4458 3388,4456 3388,4457 3388,4465 3384,4468 2334,4464 2332,4466 2328,4466 2327,4467 1952,4465 1952,4466 1952,4468 1950,4469"/>
        <TextEquiv index="0">
          <Unicode>variæ, ſuperioris Palatinatus, Weſtphaliæ,</Unicode>
        </TextEquiv>
        <TextEquiv index="1">
          <Unicode>variæ, ſuperioris Palatinatus, Weſtphaliæ,</Unicode>
        </TextEquiv>
      </TextLine>
      <TextLine id="l38">
        <Coords points="2100,4577 2099,4576 2096,4576 2093,4573 2092,4573 2090,4571 2090,4569 2089,4568 2089,4546 2089,4546 2024,4545 2023,4546 2021,4546 2020,4547 1954,4547 1953,4548 1953,4553 1952,4554 1952,4571 1952,4571 1949,4571 1948,4571 1949,4486 1948,4485 1948,4470 1948,4469 1950,4469 1951,4468 1952,4469 1952,4478 1953,4479 1953,4485 1954,4486 1953,4499 1954,4499 2044,4500 2045,4499 2046,4499 2047,4498 2048,4498 2049,4497 2050,4498 2113,4498 2114,4499 2192,4499 2193,4498 2222,4498 2222,4498 2223,4479 2226,4475 2227,4475 2228,4474 2231,4474 2233,4476 2233,4477 2235,4479 2234,4498 2235,4498 2348,4499 2348,4498 2348,4490 2349,4489 2349,4487 2353,4484 2354,4484 2355,4483 2355,4482 2355,4482 2356,4482 2357,4481 2361,4481 2362,4480 2363,4481 2367,4481 2368,4482 2369,4482 2372,4485 2373,4485 2375,4487 2374,4489 2375,4490 2375,4494 2376,4494 2434,4494 2434,4494 2435,4477 2436,4476 2436,4475 2436,4474 2438,4474 2439,4473 2459,4473 2460,4474 2466,4474 2467,4475 2468,4475 2469,4476 2469,4477 2469,4477 2472,4477 2473,4478 2474,4478 2476,4480 2477,4480 2478,4481 2479,4482 2479,4483 2480,4484 2479,4498 2480,4498 2542,4499 2542,4498 2543,4477 2544,4476 2544,4475 2544,4475 2546,4475 2547,4474 2550,4474 2551,4473 2553,4473 2554,4472 2556,4472 2557,4472 2557,4473 2557,4474 2583,4474 2584,4474 2583,4499 2584,4500 2705,4500 2705,4500 2706,4481 2707,4480 2707,4479 2707,4478 2709,4478 2710,4477 2734,4478 2735,4477 2766,4477 2769,4474 2796,4474 2797,4475 2806,4475 2807,4476 2812,4476 2813,4477 2814,4477 2815,4478 2816,4478 2817,4479 2819,4479 2820,4480 2823,4480 2826,4483 2827,4483 2828,4484 2829,4484 2831,4486 2832,4486 2834,4488 2833,4489 2836,4492 2836,4498 2837,4498 2858,4498 2859,4499 2937,4499 2938,4498 2990,4499 2991,4497 2991,4496 2992,4495 2992,4494 2995,4491 2996,4487 2997,4486 2997,4484 2999,4482 2999,4481 3000,4480 3003,4480 3005,4478 3005,4477 3006,4476 3011,4476 3012,4475 3013,4475 3014,4474 3014,4473 3014,4473 3017,4473 3018,4472 3021,4472 3022,4471 3039,4471 3040,4472 3041,4472 3042,4473 3046,4473 3047,4474 3048,4474 3049,4475 3051,4475 3052,4475 3052,4478 3053,4479 3053,4480 3054,4481 3053,4518 3054,4519 3069,4519 3069,4519 3069,4515 3070,4514 3070,4513 3071,4512 3072,4512 3072,4512 3072,4511 3075,4508 3076,4508 3080,4504 3083,4504 3084,4503 3086,4503 3088,4501 3145,4501 3146,4500 3178,4501 3179,4500 3253,4500 3254,4499 3256,4499 3257,4498 3293,4498 3293,4498 3294,4477 3295,4476 3295,4474 3297,4471 3302,4471 3303,4470 3328,4470 3329,4471 3331,4471 3333,4473 3401,4473 3402,4472 3403,4473 3404,4472 3406,4472 3408,4473 3407,4495 3408,4496 3490,4496 3490,4495 3491,4484 3492,4483 3492,4480 3494,4478 3496,4478 3498,4479 3498,4480 3499,4481 3499,4485 3500,4486 3499,4497 3500,4498 3526,4498 3527,4499 3528,4499 3529,4500 3544,4500 3545,4501 3547,4501 3548,4502 3551,4502 3552,4503 3631,4503 3632,4502 3632,4491 3633,4491 3634,4492 3634,4500 3635,4501 3641,4501 3643,4503 3646,4503 3647,4504 3648,4504 3650,4506 3650,4530 3651,4531 3651,4534 3652,4535 3652,4537 3655,4540 3655,4541 3654,4541 3652,4542 3652,4543 3649,4546 3649,4547 3646,4551 3638,4551 3636,4553 3625,4552 3624,4551 3579,4551 3577,4549 3576,4549 3575,4548 3501,4548 3500,4549 3499,4549 3498,4550 3449,4550 3448,4551 3447,4551 3445,4549 3445,4548 3445,4548 3380,4547 3379,4548 3379,4549 3379,4549 3371,4549 3370,4548 3356,4548 3355,4547 3221,4547 3220,4548 3165,4547 3164,4548 3085,4548 3084,4547 3082,4547 3081,4546 2965,4546 2961,4549 2961,4550 2961,4551 2960,4551 2958,4553 2956,4553 2955,4554 2954,4554 2953,4555 2951,4555 2949,4557 2948,4557 2947,4556 2947,4546 2947,4546 2901,4545 2900,4544 2808,4544 2807,4545 2805,4545 2804,4546 2801,4546 2799,4548 2753,4548 2752,4548 2752,4566 2752,4567 2751,4567 2750,4566 2750,4548 2750,4548 2584,4547 2583,4548 2571,4548 2570,4547 2432,4546 2431,4545 2392,4545 2391,4544 2319,4544 2318,4544 2318,4546 2317,4547 2317,4548 2316,4549 2316,4551 2314,4553 2314,4554 2313,4555 2313,4556 2312,4558 2311,4558 2306,4563 2305,4563 2304,4564 2301,4564 2300,4563 2300,4562 2299,4561 2299,4549 2299,4549 2252,4548 2251,4547 2250,4547 2249,4546 2135,4546 2134,4546 2134,4557 2133,4558 2133,4563 2130,4566 2130,4568 2128,4571 2126,4571 2124,4573 2121,4573 2119,4575 2115,4575 2114,4576 2108,4576 2107,4577"/>
        <TextEquiv index="0">
          <Unicode>Angariæ, &amp; Bullonii Dux, Comes Palatinus</Unicode>
        </TextEquiv>
        <TextEquiv index="1">
          <Unicode>angariæ, &amp; Bullonii Dux, Comes Palatinus</Unicode>
        </TextEquiv>
      </TextLine>
      <TextLine id="l39">
        <Coords points="2546,4689 2545,4688 2543,4688 2542,4687 2541,4687 2540,4686 2539,4686 2538,4684 2538,4679 2537,4678 2537,4659 2536,4659 2520,4659 2519,4658 2503,4658 2502,4657 2378,4656 2377,4657 2279,4657 2279,4657 2279,4658 2277,4660 2277,4662 2276,4663 2276,4664 2274,4666 2272,4666 2272,4666 2272,4667 2268,4671 2266,4671 2265,4672 2263,4672 2261,4674 2259,4674 2258,4672 2258,4655 2257,4655 2237,4654 2136,4654 2134,4656 2133,4656 2132,4657 2095,4657 2094,4658 2070,4658 2070,4658 2070,4674 2069,4675 2065,4675 2064,4676 2062,4676 2061,4674 2061,4670 2060,4670 1952,4669 1952,4670 1952,4686 1951,4686 1949,4686 1949,4686 1949,4579 1948,4578 1948,4572 1949,4571 1952,4571 1952,4572 1952,4580 1953,4580 2059,4581 2060,4582 2064,4582 2066,4584 2066,4594 2067,4595 2067,4605 2067,4606 2197,4606 2198,4606 2198,4592 2199,4591 2211,4591 2211,4591 2211,4589 2212,4588 2212,4587 2214,4585 2218,4585 2219,4584 2220,4586 2220,4608 2220,4608 2222,4608 2223,4609 2223,4637 2223,4637 2325,4638 2326,4637 2326,4584 2328,4583 2331,4583 2332,4582 2336,4582 2337,4583 2354,4583 2355,4584 2355,4605 2355,4606 2514,4607 2515,4606 2515,4583 2516,4583 2517,4583 2518,4582 2522,4582 2523,4581 2528,4581 2528,4581 2528,4582 2529,4583 2529,4608 2529,4609 2604,4609 2605,4610 2605,4611 2605,4611 2720,4612 2721,4611 2721,4591 2723,4590 2729,4590 2731,4592 2759,4592 2759,4592 2759,4608 2759,4609 2860,4609 2861,4609 2861,4583 2862,4582 2868,4582 2869,4581 2877,4581 2878,4580 2888,4580 2889,4581 2890,4581 2891,4583 2891,4605 2891,4605 3072,4606 3073,4606 3073,4586 3076,4583 3078,4583 3079,4582 3080,4582 3081,4581 3082,4581 3083,4580 3084,4580 3085,4579 3086,4580 3087,4580 3087,4581 3087,4606 3087,4606 3236,4607 3237,4606 3261,4606 3262,4605 3262,4587 3265,4585 3267,4585 3269,4583 3272,4583 3274,4585 3274,4590 3275,4591 3275,4598 3276,4599 3363,4599 3365,4602 3365,4605 3366,4606 3366,4607 3367,4608 3368,4608 3369,4609 3381,4609 3382,4610 3492,4611 3493,4610 3506,4610 3507,4609 3507,4599 3508,4599 3549,4599 3549,4599 3549,4598 3551,4596 3551,4595 3552,4594 3552,4593 3555,4590 3555,4589 3557,4587 3558,4587 3559,4586 3560,4586 3564,4582 3578,4582 3580,4584 3581,4584 3583,4587 3583,4589 3584,4590 3584,4608 3584,4608 3610,4608 3612,4610 3612,4612 3613,4613 3614,4613 3615,4614 3617,4614 3618,4615 3618,4642 3618,4642 3635,4643 3636,4644 3637,4644 3639,4646 3640,4646 3643,4648 3643,4649 3647,4653 3647,4664 3645,4666 3645,4668 3640,4673 3638,4673 3637,4674 3637,4675 3635,4677 3632,4677 3631,4677 3627,4677 3626,4678 3624,4678 3623,4677 3623,4662 3622,4661 3466,4661 3465,4662 3464,4662 3463,4663 3433,4663 3433,4663 3433,4672 3432,4673 3432,4674 3431,4675 3431,4677 3430,4678 3430,4680 3426,4684 3425,4684 3424,4685 3423,4685 3422,4686 3421,4686 3419,4688 3412,4688 3410,4690 3408,4690 3407,4691 3399,4690 3398,4689 3394,4689 3392,4687 3391,4687 3391,4687 3391,4686 3390,4685 3390,4684 3389,4683 3389,4678 3388,4677 3388,4662 3387,4661 3329,4661 3328,4660 3281,4660 3178,4660 3177,4661 3120,4660 3119,4659 3087,4659 3086,4658 3072,4658 3071,4657 2946,4657 2945,4658 2944,4658 2943,4656 2805,4656 2804,4657 2689,4656 2689,4657 2689,4659 2687,4660 2583,4660 2583,4660 2583,4672 2582,4673 2581,4673 2581,4673 2581,4674 2578,4677 2578,4680 2577,4681 2576,4681 2576,4681 2576,4682 2575,4683 2574,4683 2572,4685 2570,4685 2567,4688 2559,4688 2558,4689"/>
        <TextEquiv index="0">
          <Unicode>Rheni, Landgravius Leuchtenbergenſis,</Unicode>
        </TextEquiv>
        <TextEquiv index="1">
          <Unicode>Rheni, Landgravius Leuchtenbergenſis,</Unicode>
        </TextEquiv>
      </TextLine>
      <TextLine id="l40">
        <Coords points="1952,4805 1951,4805 1951,4799 1950,4798 1951,4715 1950,4714 1950,4689 1949,4688 1949,4687 1949,4686 1951,4686 1952,4687 1952,4695 1953,4696 1953,4700 1953,4700 2051,4701 2052,4702 2055,4702 2056,4703 2059,4703 2061,4704 2060,4718 2061,4719 2198,4719 2198,4719 2199,4694 2202,4690 2207,4690 2209,4692 2210,4692 2211,4693 2211,4697 2211,4697 2265,4698 2267,4699 2267,4700 2268,4701 2267,4718 2268,4719 2355,4719 2355,4718 2356,4693 2356,4693 2358,4693 2360,4691 2361,4692 2408,4692 2410,4694 2409,4719 2410,4719 2500,4720 2501,4719 2601,4719 2601,4719 2602,4696 2603,4694 2604,4694 2605,4693 2606,4693 2607,4692 2609,4692 2610,4691 2611,4691 2613,4693 2613,4695 2613,4695 2663,4695 2665,4697 2665,4699 2666,4700 2665,4718 2666,4718 2816,4719 2817,4718 2818,4718 2819,4717 2821,4717 2822,4716 2876,4716 2877,4716 2877,4715 2877,4714 2879,4714 2880,4715 2881,4715 2882,4716 3010,4717 3011,4716 3011,4712 3012,4711 3012,4710 3013,4709 3013,4707 3014,4706 3014,4704 3015,4703 3015,4702 3015,4702 3016,4702 3017,4701 3017,4700 3025,4692 3026,4692 3027,4691 3028,4691 3029,4690 3035,4690 3036,4691 3040,4691 3041,4692 3045,4692 3047,4693 3046,4719 3047,4720 3160,4720 3160,4720 3161,4717 3162,4716 3162,4715 3163,4714 3163,4711 3164,4709 3166,4709 3167,4709 3167,4708 3172,4702 3173,4703 3174,4702 3177,4702 3179,4700 3181,4700 3183,4698 3185,4698 3186,4697 3187,4697 3188,4696 3190,4696 3191,4695 3200,4695 3202,4697 3208,4697 3209,4698 3210,4698 3212,4700 3217,4700 3219,4701 3219,4702 3220,4703 3220,4705 3220,4706 3221,4706 3223,4707 3223,4711 3224,4712 3223,4721 3224,4722 3297,4722 3299,4720 3322,4720 3323,4721 3343,4721 3344,4722 3472,4723 3472,4722 3473,4700 3474,4699 3475,4699 3476,4698 3477,4698 3478,4697 3479,4697 3480,4696 3486,4696 3487,4697 3489,4697 3491,4699 3492,4699 3493,4700 3494,4700 3495,4701 3496,4701 3497,4701 3496,4723 3497,4724 3598,4724 3599,4723 3600,4724 3609,4724 3610,4726 3610,4727 3611,4728 3611,4729 3612,4730 3612,4741 3613,4741 3644,4742 3646,4744 3646,4745 3647,4746 3647,4749 3646,4750 3646,4751 3645,4753 3637,4753 3636,4754 3614,4753 3613,4754 3613,4766 3610,4769 3610,4771 3610,4771 3609,4771 3608,4772 3604,4772 3603,4773 3388,4772 3387,4771 3384,4771 3383,4770 3355,4770 3354,4769 3265,4769 3264,4770 3253,4770 3252,4771 3120,4770 3118,4772 3118,4773 3116,4775 3115,4775 3114,4776 3112,4776 3111,4777 3110,4777 3109,4778 3108,4778 3107,4779 3105,4779 3104,4780 3103,4780 3102,4781 3100,4780 3100,4772 3100,4771 3065,4771 3064,4770 3061,4770 3060,4769 3059,4769 3058,4768 3058,4767 3058,4767 2924,4766 2923,4767 2918,4767 2917,4766 2887,4766 2886,4765 2880,4765 2879,4764 2794,4764 2793,4765 2792,4765 2791,4766 2783,4766 2782,4767 2781,4767 2780,4766 2643,4765 2642,4766 2580,4766 2579,4767 2575,4767 2574,4768 2571,4768 2570,4767 2484,4766 2483,4767 2482,4767 2481,4768 2479,4768 2478,4769 2456,4769 2454,4767 2441,4767 2440,4768 2440,4793 2439,4794 2438,4794 2437,4794 2437,4768 2437,4767 2420,4767 2419,4766 2357,4766 2356,4765 2356,4764 2356,4764 2339,4764 2338,4764 2338,4784 2338,4785 2337,4784 2337,4764 2337,4764 2336,4764 2335,4764 2335,4779 2333,4782 2332,4782 2331,4781 2331,4779 2330,4778 2330,4764 2330,4764 2268,4764 2267,4765 2235,4764 2233,4766 2233,4776 2233,4776 2232,4776 2231,4776 2231,4766 2231,4765 2171,4765 2170,4766 2110,4766 2109,4767 2081,4767 2080,4768 2065,4768 2064,4768 2064,4771 2064,4772 2063,4772 2062,4772 2061,4773 2061,4774 2060,4776 1954,4775 1953,4776 1953,4805 1953,4805"/>
        <TextEquiv index="0">
          <Unicode>Marchio Franchimontenſis, Comes Los-</Unicode>
        </TextEquiv>
        <TextEquiv index="1">
          <Unicode>Marchio Franchimontenſis, Comes Los-</Unicode>
        </TextEquiv>
      </TextLine>
      <TextLine id="l41">
        <Coords points="1952,4913 1952,4913 1952,4909 1951,4908 1951,4806 1952,4805 1953,4805 1953,4806 1953,4810 1954,4810 1994,4810 1997,4807 1998,4807 1999,4806 2000,4806 2001,4805 2010,4805 2011,4806 2012,4806 2015,4810 2015,4841 2015,4841 2031,4842 2032,4841 2045,4841 2047,4839 2048,4839 2049,4838 2051,4838 2053,4836 2101,4836 2103,4834 2103,4833 2104,4832 2104,4831 2105,4830 2105,4828 2107,4826 2107,4824 2108,4823 2108,4820 2109,4819 2109,4817 2111,4815 2111,4814 2114,4811 2114,4810 2115,4809 2115,4808 2117,4807 2118,4807 2119,4805 2119,4804 2121,4803 2122,4803 2123,4802 2125,4802 2126,4801 2129,4801 2130,4800 2132,4800 2133,4799 2134,4800 2135,4800 2136,4801 2139,4801 2140,4802 2141,4802 2142,4804 2142,4830 2143,4830 2159,4830 2160,4829 2161,4829 2162,4828 2165,4828 2166,4827 2173,4827 2174,4828 2176,4828 2177,4830 2177,4851 2177,4851 2214,4851 2215,4851 2215,4848 2216,4847 2216,4846 2217,4845 2217,4844 2221,4840 2221,4822 2222,4821 2222,4819 2223,4818 2223,4817 2224,4816 2224,4815 2229,4810 2242,4810 2243,4811 2244,4811 2246,4813 2247,4813 2248,4815 2248,4818 2249,4819 2249,4820 2250,4820 2305,4821 2305,4820 2305,4801 2308,4799 2313,4799 2314,4800 2333,4800 2334,4801 2383,4801 2384,4802 2387,4802 2387,4803 2387,4830 2388,4830 2417,4830 2418,4829 2456,4829 2458,4827 2491,4828 2492,4827 2494,4827 2495,4828 2508,4828 2509,4829 2515,4829 2517,4831 2579,4831 2580,4830 2581,4830 2582,4829 2584,4829 2586,4827 2587,4827 2588,4828 2635,4828 2635,4828 2635,4827 2636,4826 2636,4823 2637,4822 2637,4821 2638,4820 2638,4818 2639,4817 2639,4815 2640,4814 2640,4813 2641,4812 2641,4811 2643,4809 2643,4807 2645,4805 2648,4802 2650,4802 2654,4798 2656,4798 2657,4797 2666,4797 2667,4798 2669,4798 2670,4799 2671,4799 2671,4800 2671,4801 2673,4803 2673,4829 2674,4829 2694,4829 2696,4827 2704,4827 2705,4828 2709,4828 2711,4831 2711,4855 2711,4855 2748,4856 2749,4855 2749,4852 2750,4851 2750,4847 2755,4842 2755,4841 2757,4839 2757,4820 2758,4819 2758,4817 2759,4816 2759,4815 2763,4812 2768,4812 2769,4811 2772,4811 2773,4810 2774,4810 2775,4811 2777,4811 2778,4812 2779,4812 2780,4813 2781,4813 2782,4814 2782,4815 2783,4816 2783,4817 2784,4818 2784,4820 2785,4821 2785,4823 2786,4824 2821,4824 2821,4824 2821,4825 2822,4826 2822,4827 2823,4828 2857,4828 2858,4829 2859,4829 2860,4830 2865,4830 2867,4833 2867,4835 2868,4836 2868,4860 2868,4860 2881,4860 2882,4859 2921,4859 2922,4859 2922,4807 2925,4804 2926,4804 2930,4800 2933,4800 2934,4799 2935,4799 2936,4800 2975,4801 2977,4799 2980,4799 2981,4800 2985,4800 2990,4805 2990,4826 2991,4827 3009,4827 3010,4828 3048,4828 3048,4827 3048,4821 3049,4820 3049,4817 3050,4816 3050,4814 3055,4810 3058,4810 3058,4810 3058,4817 3059,4818 3062,4818 3065,4821 3067,4821 3068,4822 3110,4822 3111,4821 3111,4819 3112,4818 3112,4817 3113,4816 3113,4814 3115,4812 3115,4811 3120,4806 3124,4806 3125,4805 3129,4805 3130,4804 3132,4804 3133,4803 3137,4803 3139,4806 3139,4807 3141,4809 3141,4810 3142,4811 3142,4829 3143,4829 3197,4830 3200,4827 3205,4827 3206,4828 3253,4828 3256,4825 3259,4825 3259,4824 3259,4812 3262,4810 3263,4810 3264,4809 3265,4809 3267,4811 3267,4824 3268,4825 3308,4825 3308,4825 3308,4820 3309,4819 3309,4817 3315,4811 3316,4811 3320,4807 3323,4807 3324,4806 3354,4806 3354,4806 3354,4804 3355,4803 3357,4806 3357,4827 3358,4827 3360,4827 3362,4829 3380,4829 3381,4830 3423,4831 3424,4830 3450,4830 3451,4829 3452,4829 3453,4828 3455,4828 3455,4827 3455,4805 3456,4805 3466,4805 3467,4804 3468,4804 3468,4804 3468,4828 3469,4829 3476,4829 3476,4829 3476,4830 3478,4832 3478,4833 3479,4834 3479,4835 3480,4836 3480,4837 3481,4838 3481,4841 3481,4842 3517,4842 3518,4842 3518,4824 3519,4823 3519,4822 3520,4821 3520,4819 3521,4818 3521,4817 3522,4816 3523,4816 3525,4814 3532,4814 3532,4815 3532,4821 3533,4821 3535,4821 3535,4822 3535,4823 3536,4823 3537,4823 3538,4824 3541,4824 3544,4827 3576,4827 3576,4827 3576,4815 3577,4814 3577,4811 3578,4810 3583,4810 3584,4812 3584,4814 3585,4815 3585,4827 3586,4827 3615,4827 3616,4829 3616,4830 3617,4830 3624,4830 3624,4830 3624,4822 3626,4820 3627,4822 3627,4830 3628,4830 3648,4831 3649,4832 3649,4834 3651,4836 3651,4840 3651,4841 3682,4841 3683,4841 3682,4842 3652,4842 3652,4842 3652,4865 3649,4868 3648,4868 3647,4869 3643,4869 3642,4870 3642,4871 3641,4872 3641,4874 3640,4875 3638,4875 3637,4876 3636,4876 3634,4878 3633,4878 3631,4880 3630,4879 3628,4881 3627,4881 3625,4884 3625,4888 3624,4888 3573,4888 3571,4890 3570,4890 3569,4891 3567,4891 3566,4890 3532,4890 3530,4888 3529,4888 3528,4887 3525,4887 3522,4884 3516,4884 3482,4884 3479,4887 3478,4887 3478,4887 3478,4890 3477,4891 3474,4891 3474,4890 3474,4887 3473,4887 3416,4887 3414,4889 3412,4889 3412,4889 3412,4890 3411,4891 3410,4891 3409,4892 3408,4890 3408,4889 3406,4888 3385,4887 3385,4888 3385,4909 3384,4909 3384,4909 3384,4888 3383,4887 3364,4887 3361,4884 3322,4884 3321,4885 3320,4885 3319,4886 3318,4886 3318,4887 3318,4888 3317,4888 3315,4888 3314,4887 3253,4887 3253,4887 3253,4892 3252,4893 3252,4892 3252,4889 3251,4889 3250,4889 3247,4886 3213,4886 3211,4884 3210,4884 3210,4883 3210,4882 3207,4880 3161,4879 3161,4880 3161,4882 3159,4883 3158,4883 3154,4887 3122,4887 3122,4888 3122,4900 3118,4903 3113,4903 3111,4901 3111,4892 3110,4891 3110,4883 3109,4882 3070,4882 3068,4884 3067,4884 3066,4885 3034,4885 3033,4886 3032,4886 3030,4884 2989,4884 2988,4885 2988,4886 2987,4887 2953,4887 2952,4888 2949,4888 2948,4889 2945,4889 2938,4881 2935,4881 2934,4880 2928,4880 2924,4876 2855,4876 2854,4877 2801,4877 2800,4876 2738,4876 2737,4877 2736,4877 2735,4878 2735,4879 2734,4880 2733,4880 2730,4883 2729,4883 2728,4884 2725,4884 2724,4885 2722,4885 2721,4886 2720,4886 2720,4885 2720,4877 2719,4877 2689,4876 2688,4875 2591,4875 2590,4876 2558,4876 2556,4878 2552,4878 2551,4879 2550,4879 2548,4877 2544,4877 2543,4876 2541,4876 2540,4875 2482,4874 2481,4875 2469,4875 2467,4877 2466,4876 2384,4876 2383,4877 2381,4877 2380,4876 2356,4876 2312,4876 2311,4877 2305,4877 2303,4875 2233,4874 2232,4875 2205,4875 2205,4876 2205,4883 2203,4884 2201,4884 2200,4886 2200,4887 2199,4887 2198,4887 2195,4890 2194,4890 2193,4891 2192,4891 2191,4892 2189,4892 2187,4890 2187,4874 2186,4873 2141,4873 2141,4873 2141,4874 2140,4875 2136,4875 2135,4876 2092,4876 2092,4876 2092,4878 2091,4879 2091,4881 2090,4882 2084,4882 2083,4883 2029,4883 2027,4885 2023,4884 2022,4885 2020,4885 2019,4886 2017,4886 2016,4885 2015,4885 2014,4884 1954,4884 1954,4885 1954,4913 1953,4913"/>
        <TextEquiv index="0">
          <Unicode>ſenſis, &amp; Hornenſis, &amp;c. Und ſo viel von die⸗</Unicode>
        </TextEquiv>
        <TextEquiv index="1">
          <Unicode>ſenſis, &amp; Hornenſis, &amp;c. Und ſo viel von die⸗</Unicode>
        </TextEquiv>
      </TextLine>
      <TextLine id="l42">
        <Coords points="1953,5027 1953,5018 1952,5017 1953,4944 1952,4943 1952,4914 1952,4913 1953,4913 1954,4914 1954,4918 1954,4918 2002,4918 2003,4919 2004,4919 2010,4925 2011,4925 2013,4927 2013,4940 2013,4940 2123,4941 2124,4940 2124,4935 2125,4934 2125,4932 2126,4931 2126,4929 2127,4928 2127,4927 2127,4927 2128,4927 2129,4926 2129,4923 2131,4921 2132,4921 2134,4919 2134,4918 2134,4918 2135,4918 2140,4913 2141,4913 2145,4909 2146,4909 2147,4908 2169,4908 2170,4907 2174,4907 2175,4906 2177,4906 2178,4907 2186,4907 2190,4911 2296,4912 2297,4911 2384,4911 2385,4910 2387,4912 2387,4913 2387,4913 2389,4913 2390,4914 2458,4914 2459,4915 2463,4915 2464,4916 2464,4917 2465,4918 2465,4932 2465,4932 2607,4933 2608,4933 2608,4924 2608,4923 2609,4923 2610,4922 2612,4922 2613,4922 2613,4920 2618,4914 2622,4914 2623,4913 2628,4913 2629,4914 2630,4914 2632,4916 2632,4931 2632,4931 2761,4932 2763,4930 2763,4924 2764,4923 2764,4922 2765,4921 2838,4921 2840,4919 2841,4919 2842,4920 2842,4924 2842,4924 2843,4924 2845,4926 2847,4926 2849,4928 2851,4928 2854,4931 2855,4931 2856,4932 2965,4933 2967,4931 2968,4931 2973,4926 2973,4925 2975,4923 2975,4921 2975,4921 2976,4921 2977,4920 2978,4920 2979,4919 2980,4919 2981,4918 2982,4918 2983,4917 2985,4917 2989,4913 2993,4913 2994,4912 2996,4912 2997,4911 3001,4911 3002,4912 3016,4912 3017,4913 3050,4913 3051,4913 3051,4914 3052,4915 3052,4916 3052,4917 3053,4917 3054,4917 3054,4921 3054,4922 3170,4922 3171,4922 3171,4914 3171,4913 3261,4914 3262,4913 3264,4913 3265,4912 3269,4912 3270,4911 3290,4911 3291,4910 3292,4910 3293,4911 3297,4911 3298,4912 3306,4912 3308,4914 3308,4916 3308,4916 3381,4916 3382,4917 3382,4935 3382,4935 3529,4936 3530,4936 3530,4931 3531,4930 3531,4929 3532,4928 3532,4927 3534,4925 3534,4914 3534,4913 3535,4913 3536,4914 3536,4921 3536,4921 3538,4921 3539,4922 3540,4922 3542,4924 3542,4929 3545,4932 3546,4932 3547,4933 3594,4933 3595,4934 3595,4939 3595,4939 3602,4939 3603,4940 3603,4941 3604,4942 3725,4943 3726,4943 3726,4944 3727,4945 3727,4946 3726,4947 3651,4947 3651,4947 3650,4974 3649,4975 3649,4976 3648,4977 3648,4978 3647,4980 3645,4980 3644,4981 3643,4981 3640,4984 3639,4984 3635,4988 3634,4988 3633,4989 3631,4989 3630,4989 3630,4990 3626,4994 3624,4994 3622,4996 3611,4996 3608,4999 3473,4999 3472,4999 3472,5001 3472,5002 3471,5002 3467,5006 3466,5006 3464,5008 3457,5008 3455,5006 3455,5000 3455,5000 3332,4999 3331,5000 3329,5000 3328,5001 3326,5001 3325,5000 3281,5000 3280,4999 3275,4999 3274,4998 3269,4998 3267,4996 3222,4996 3221,4996 3221,5019 3220,5021 3219,5021 3218,5022 3217,5021 3217,4996 3217,4996 3155,4995 3154,4996 3152,4996 3151,4997 3132,4997 3131,4998 3129,4998 3128,4999 3013,4999 3012,5000 2999,5000 2998,4999 2996,4999 2995,4998 2992,4998 2991,4997 2990,4997 2989,4996 2988,4996 2987,4995 2699,4993 2698,4994 2696,4994 2695,4993 2566,4993 2565,4994 2502,4994 2501,4994 2501,4996 2500,4998 2473,4997 2472,4998 2472,5010 2470,5012 2469,5012 2467,5014 2466,5014 2465,5015 2464,5015 2463,5016 2458,5016 2457,5017 2452,5017 2451,5016 2448,5016 2446,5014 2445,5014 2444,5013 2364,5013 2363,5012 2356,5012 2353,5009 2353,5008 2352,5007 2352,5006 2352,5006 2259,5006 2253,5000 2253,4998 2253,4997 2094,4997 2093,4998 2092,4998 2091,4999 2070,4999 2069,4999 2069,5000 2069,5001 1990,5000 1989,5001 1989,5013 1988,5014 1988,5016 1986,5018 1956,5018 1955,5019 1955,5025 1954,5026 1954,5027 1954,5027"/>
        <TextEquiv index="0">
          <Unicode>ſem Ertzbiſtthumb und der Stadt Cöln; da⸗</Unicode>
        </TextEquiv>
        <TextEquiv index="1">
          <Unicode>ſem Ertzbiſtthumb und der Stadt Cöln; da⸗</Unicode>
        </TextEquiv>
      </TextLine>
      <TextLine id="l43">
        <Coords points="1954,5135 1954,5135 1954,5128 1953,5127 1953,5028 1954,5027 1955,5027 1955,5028 1955,5051 1956,5051 2107,5052 2108,5051 2133,5051 2133,5050 2133,5042 2134,5042 2237,5042 2239,5040 2266,5041 2267,5040 2286,5040 2289,5036 2289,5033 2290,5032 2290,5031 2291,5030 2291,5029 2295,5026 2296,5026 2301,5021 2303,5021 2303,5020 2303,5019 2304,5019 2305,5019 2306,5018 2330,5018 2331,5017 2332,5017 2333,5018 2335,5018 2337,5020 2473,5020 2473,5021 2473,5043 2474,5043 2647,5044 2647,5044 2647,5035 2648,5034 2649,5034 2650,5033 2652,5033 2652,5033 2652,5032 2653,5031 2653,5030 2656,5027 2656,5026 2657,5025 2658,5025 2658,5025 2658,5024 2659,5023 2662,5023 2663,5022 2664,5024 2664,5043 2665,5043 2806,5044 2808,5042 2878,5042 2879,5041 2881,5041 2881,5042 2881,5044 2882,5044 2974,5045 2975,5046 3028,5046 3029,5047 3183,5048 3184,5046 3184,5045 3185,5044 3185,5043 3189,5039 3189,5038 3192,5036 3193,5036 3194,5035 3195,5035 3196,5034 3198,5034 3201,5031 3203,5031 3205,5029 3206,5029 3208,5027 3209,5027 3210,5026 3213,5026 3214,5025 3216,5025 3218,5023 3219,5023 3220,5022 3224,5022 3225,5023 3240,5023 3241,5024 3268,5024 3271,5027 3394,5027 3395,5028 3397,5028 3398,5030 3398,5031 3399,5032 3399,5040 3400,5040 3639,5042 3640,5040 3640,5034 3641,5034 3642,5035 3650,5035 3650,5035 3650,5036 3651,5037 3651,5042 3652,5043 3652,5067 3652,5068 3709,5068 3710,5068 3710,5102 3709,5103 3634,5103 3633,5104 3633,5108 3631,5110 3631,5112 3630,5113 3630,5114 3629,5115 3629,5119 3628,5120 3628,5127 3624,5130 3621,5130 3620,5129 3615,5129 3613,5127 3613,5110 3612,5109 3464,5109 3463,5110 3433,5110 3433,5110 3433,5127 3432,5128 3432,5129 3431,5130 3430,5128 3430,5112 3429,5112 3296,5111 3296,5112 3296,5133 3294,5134 3293,5134 3293,5134 3293,5120 3292,5119 3220,5119 3219,5118 3215,5118 3214,5117 3212,5117 3212,5116 3212,5115 3211,5115 3210,5115 3209,5114 3208,5114 3207,5113 3203,5113 3202,5112 3200,5112 3199,5111 2985,5110 2985,5110 2985,5111 2984,5112 2984,5113 2983,5114 2983,5115 2982,5116 2982,5117 2981,5118 2980,5118 2980,5118 2980,5120 2979,5121 2978,5121 2978,5121 2978,5123 2977,5124 2973,5124 2971,5126 2969,5126 2968,5127 2962,5127 2961,5126 2957,5126 2955,5124 2822,5123 2808,5123 2807,5124 2805,5124 2804,5125 2797,5125 2796,5126 2795,5126 2793,5124 2791,5124 2790,5123 2789,5123 2788,5122 2787,5122 2785,5120 2784,5120 2783,5118 2783,5117 2782,5116 2782,5106 2781,5106 2620,5105 2619,5104 2458,5103 2457,5104 2323,5104 2323,5104 2323,5110 2322,5111 2322,5116 2321,5117 2321,5121 2320,5122 2320,5123 2319,5124 2203,5123 2202,5124 2196,5124 2195,5125 2194,5125 2194,5125 2194,5111 2193,5110 1997,5109 1996,5110 1957,5110 1957,5111 1957,5134 1955,5135"/>
        <TextEquiv index="0">
          <Unicode>von auſſer der obangezognen Scribenten /</Unicode>
        </TextEquiv>
        <TextEquiv index="1">
          <Unicode>von auſſer der obangezognen Scribenten /</Unicode>
        </TextEquiv>
      </TextLine>
      <TextLine id="l44">
        <Coords points="1956,5246 1955,5246 1955,5238 1954,5237 1955,5173 1954,5172 1954,5136 1954,5135 1956,5135 1957,5136 1957,5161 1957,5161 2060,5162 2061,5161 2061,5150 2061,5150 2099,5150 2102,5147 2105,5147 2109,5143 2110,5143 2113,5140 2116,5140 2117,5139 2119,5139 2120,5138 2171,5138 2172,5138 2172,5135 2173,5134 2173,5133 2173,5132 2195,5132 2196,5133 2205,5133 2206,5134 2206,5140 2206,5140 2251,5140 2253,5142 2254,5142 2256,5144 2256,5158 2256,5159 2279,5159 2280,5160 2336,5160 2337,5159 2337,5157 2339,5155 2339,5152 2339,5152 2359,5152 2360,5151 2360,5142 2360,5142 2361,5142 2362,5142 2362,5157 2362,5158 2364,5158 2365,5158 2365,5159 2365,5160 2384,5160 2386,5162 2463,5162 2464,5161 2497,5162 2499,5160 2562,5160 2564,5158 2567,5158 2568,5157 2571,5159 2571,5160 2571,5161 2648,5161 2649,5160 2650,5160 2651,5159 2652,5159 2653,5158 2668,5158 2669,5159 2672,5159 2673,5160 2700,5160 2701,5161 2703,5161 2704,5162 2755,5163 2757,5165 2820,5165 2821,5164 2822,5164 2824,5165 2824,5166 2825,5167 2825,5168 2825,5169 2886,5169 2887,5168 2888,5168 2890,5166 2892,5166 2894,5164 2895,5164 2896,5163 2898,5163 2899,5162 2908,5162 2909,5162 2909,5134 2911,5131 2913,5131 2914,5130 2920,5130 2921,5131 2922,5131 2923,5132 2923,5162 2923,5162 3007,5163 3008,5162 3008,5159 3007,5158 3007,5144 3002,5140 2999,5140 2998,5139 2997,5139 2997,5138 2997,5136 2998,5135 3007,5135 3008,5134 3024,5134 3025,5135 3032,5135 3033,5135 3033,5163 3033,5164 3239,5165 3240,5164 3287,5164 3288,5164 3288,5139 3290,5136 3292,5136 3293,5135 3296,5135 3297,5134 3301,5134 3302,5135 3302,5137 3302,5137 3354,5137 3356,5139 3356,5143 3357,5144 3357,5171 3357,5171 3416,5172 3418,5170 3419,5170 3420,5169 3421,5169 3422,5168 3423,5168 3424,5167 3425,5167 3426,5166 3426,5141 3426,5141 3482,5141 3486,5137 3487,5137 3488,5136 3489,5136 3490,5135 3495,5135 3497,5137 3570,5137 3571,5137 3571,5134 3572,5132 3573,5133 3573,5134 3574,5135 3578,5135 3579,5136 3579,5137 3581,5139 3581,5163 3581,5163 3602,5163 3605,5166 3605,5167 3609,5171 3609,5172 3612,5175 3612,5177 3613,5179 3613,5193 3614,5193 3626,5193 3626,5194 3626,5195 3628,5196 3630,5196 3632,5199 3633,5199 3634,5200 3636,5202 3636,5204 3637,5205 3637,5206 3636,5207 3636,5208 3635,5209 3635,5210 3634,5212 3633,5212 3632,5213 3631,5213 3630,5213 3622,5213 3621,5212 3525,5212 3524,5213 3498,5213 3497,5214 3493,5214 3492,5215 3491,5215 3490,5216 3488,5216 3487,5215 3487,5214 3487,5214 3383,5213 3382,5214 3382,5216 3380,5218 3380,5219 3378,5221 3378,5222 3375,5225 3374,5225 3373,5224 3372,5224 3370,5223 3370,5222 3368,5220 3368,5219 3366,5217 3366,5216 3365,5215 3365,5213 3365,5212 3342,5212 3341,5213 3341,5239 3341,5239 3340,5239 3340,5213 3340,5212 3205,5212 3204,5212 3204,5238 3202,5241 3198,5241 3196,5243 3188,5243 3185,5240 3185,5238 3184,5237 3184,5215 3184,5215 3144,5214 3143,5213 3020,5213 3019,5213 3019,5218 3018,5219 3018,5221 3017,5222 3017,5223 3016,5224 3016,5225 3015,5226 3015,5227 3013,5229 3013,5230 3012,5232 3011,5232 3007,5236 3006,5236 3005,5237 3003,5237 3002,5238 2995,5238 2994,5237 2993,5237 2991,5235 2991,5233 2990,5232 2990,5229 2991,5228 2991,5227 2992,5227 2993,5227 2994,5226 3008,5226 3008,5225 3008,5212 3008,5212 2956,5212 2955,5211 2918,5210 2917,5209 2856,5209 2855,5210 2826,5210 2825,5210 2825,5230 2825,5231 2824,5231 2823,5232 2822,5232 2821,5233 2820,5233 2819,5232 2818,5232 2816,5230 2816,5227 2815,5226 2815,5207 2815,5207 2749,5207 2748,5207 2748,5208 2748,5209 2618,5208 2617,5209 2617,5210 2617,5210 2614,5210 2613,5211 2522,5211 2521,5210 2517,5210 2516,5209 2445,5208 2442,5211 2414,5211 2413,5210 2410,5210 2409,5209 2408,5209 2407,5208 2406,5208 2405,5207 2344,5207 2343,5208 2342,5207 2261,5207 2260,5208 2230,5207 2229,5208 2210,5208 2209,5207 2143,5207 2142,5208 2142,5228 2140,5229 2140,5231 2137,5235 2134,5235 2132,5237 2125,5237 2124,5236 2123,5236 2122,5235 2122,5234 2121,5233 2121,5232 2120,5231 2120,5223 2120,5223 2109,5223 2108,5222 2108,5221 2108,5221 1960,5220 1959,5221 1959,5243 1958,5244 1958,5246 1958,5246"/>
        <TextEquiv index="0">
          <Unicode>auch Limnæus tomo 4. de Jure publ. ad lib.</Unicode>
        </TextEquiv>
        <TextEquiv index="1">
          <Unicode>auch Limnæus tomo 4. de Jure publ. ad lib.</Unicode>
        </TextEquiv>
      </TextLine>
      <TextLine id="l45">
        <Coords points="1956,5367 1956,5367 1956,5348 1955,5347 1955,5247 1956,5246 1959,5246 1959,5247 1959,5277 1960,5277 2073,5278 2075,5276 2078,5276 2079,5275 2133,5275 2134,5274 2138,5274 2139,5273 2140,5274 2186,5274 2187,5275 2189,5275 2190,5276 2266,5277 2266,5276 2266,5275 2269,5273 2271,5273 2273,5271 2274,5271 2275,5270 2288,5270 2288,5269 2288,5256 2289,5256 2291,5256 2291,5256 2291,5268 2292,5269 2362,5269 2365,5266 2366,5266 2367,5264 2367,5263 2368,5263 2369,5263 2372,5260 2373,5260 2374,5259 2383,5259 2385,5257 2455,5257 2455,5257 2455,5256 2456,5255 2456,5254 2460,5250 2460,5249 2466,5243 2468,5243 2469,5242 2472,5242 2473,5241 2481,5241 2482,5242 2484,5242 2486,5245 2487,5245 2487,5245 2487,5273 2488,5274 2499,5274 2500,5275 2503,5275 2504,5276 2585,5276 2586,5275 2587,5275 2588,5274 2592,5274 2594,5272 2602,5272 2603,5273 2604,5273 2605,5274 2683,5274 2683,5274 2683,5253 2687,5249 2688,5249 2689,5250 2692,5250 2693,5251 2694,5251 2695,5253 2695,5267 2696,5267 2713,5267 2717,5272 2757,5272 2758,5273 2836,5273 2837,5272 2838,5273 2841,5273 2842,5274 2843,5274 2845,5276 2847,5276 2849,5279 2849,5281 2850,5282 2850,5283 2851,5284 2851,5286 2852,5287 2852,5300 2853,5301 2853,5305 2853,5305 2946,5306 2947,5305 2947,5249 2948,5248 2948,5247 2949,5247 2952,5247 2953,5246 2965,5246 2966,5247 3046,5247 3047,5246 3049,5246 3050,5245 3057,5245 3057,5245 3057,5275 3058,5276 3144,5276 3145,5275 3146,5275 3147,5274 3205,5275 3205,5274 3205,5252 3206,5251 3206,5250 3208,5249 3210,5249 3211,5248 3212,5249 3214,5249 3217,5252 3217,5273 3218,5274 3336,5274 3336,5274 3336,5248 3337,5247 3426,5248 3427,5249 3442,5249 3443,5250 3443,5258 3444,5259 3524,5259 3524,5259 3524,5251 3525,5250 3526,5250 3528,5248 3529,5248 3530,5247 3532,5247 3533,5246 3534,5246 3535,5247 3536,5247 3536,5248 3536,5272 3537,5272 3609,5272 3609,5273 3609,5275 3611,5276 3612,5276 3613,5277 3613,5278 3613,5279 3616,5282 3616,5289 3617,5290 3617,5291 3618,5291 3643,5292 3644,5293 3644,5299 3644,5300 3645,5300 3646,5300 3646,5308 3644,5310 3643,5310 3642,5311 3617,5310 3617,5311 3617,5314 3616,5314 3614,5314 3611,5317 3610,5317 3609,5318 3608,5318 3608,5319 3608,5320 3606,5321 3603,5321 3602,5322 3600,5322 3599,5323 3590,5323 3589,5322 3588,5322 3587,5321 3459,5321 3458,5322 3395,5321 3395,5322 3395,5325 3394,5325 3374,5325 3374,5326 3374,5327 3372,5328 3371,5328 3371,5328 3371,5327 3369,5325 3369,5323 3368,5322 3217,5322 3216,5323 3215,5323 3213,5325 3210,5325 3209,5324 3172,5324 3128,5323 3127,5324 3103,5324 3102,5323 3073,5323 3072,5322 2994,5322 2994,5322 2994,5323 2993,5324 2992,5324 2991,5323 2899,5322 2899,5323 2899,5326 2898,5327 2898,5328 2896,5330 2896,5331 2890,5336 2886,5336 2886,5337 2886,5338 2885,5338 2884,5338 2883,5339 2879,5339 2878,5338 2877,5338 2877,5338 2877,5321 2876,5320 2761,5320 2760,5321 2750,5321 2749,5322 2748,5321 2683,5320 2683,5321 2683,5327 2682,5327 2622,5327 2622,5328 2622,5348 2621,5349 2621,5350 2620,5350 2616,5350 2615,5351 2564,5351 2561,5354 2557,5354 2556,5355 2555,5354 2548,5354 2547,5353 2543,5353 2542,5352 2541,5352 2541,5351 2541,5323 2540,5323 2535,5323 2534,5322 2412,5321 2412,5322 2412,5323 2411,5324 2411,5325 2409,5327 2409,5328 2408,5328 2406,5328 2405,5329 2404,5329 2403,5328 2401,5328 2400,5327 2400,5326 2399,5325 2399,5324 2395,5320 2359,5320 2358,5319 2355,5319 2354,5318 2229,5317 2227,5319 2226,5319 2225,5320 2222,5320 2221,5321 2206,5321 2206,5322 2206,5332 2205,5333 2205,5334 2204,5335 2204,5337 2203,5338 2203,5341 2202,5342 2202,5344 2200,5345 2199,5345 2198,5347 2198,5349 2197,5349 2195,5349 2194,5350 2180,5350 2179,5351 2178,5351 2177,5352 2176,5352 2174,5350 2165,5350 2164,5349 2087,5349 2085,5351 2083,5351 2081,5353 2080,5353 2079,5354 2071,5354 2069,5352 2067,5352 2066,5351 2066,5350 2066,5348 2065,5348 1962,5347 1962,5348 1962,5350 1961,5351 1961,5365 1960,5366 1960,5367 1959,5367"/>
        <TextEquiv index="0">
          <Unicode>7. pag. 216. ſeqq. item, Erhardus Winhe-</Unicode>
        </TextEquiv>
        <TextEquiv index="1">
          <Unicode>7. pag. 216. ſeqq. item, Erhardus Winhe-</Unicode>
        </TextEquiv>
      </TextLine>
      <TextLine id="l46">
        <Coords points="3370,5463 3369,5462 3367,5462 3365,5461 3365,5437 3365,5436 3305,5436 3304,5435 3302,5435 3299,5432 3289,5432 3235,5432 3234,5432 3234,5461 3234,5462 3233,5461 3233,5432 3233,5432 3201,5432 3198,5435 3194,5435 3192,5437 3115,5436 3114,5437 3060,5437 3059,5438 3059,5439 3057,5441 3056,5441 3055,5441 3055,5442 3054,5443 3054,5444 3054,5445 3051,5445 3050,5446 3049,5446 3048,5447 3047,5447 3046,5448 3043,5448 3042,5447 3042,5433 3042,5433 2903,5432 2902,5433 2899,5433 2897,5435 2894,5435 2893,5434 2856,5434 2855,5433 2770,5433 2769,5434 2717,5434 2716,5433 2558,5432 2557,5433 2532,5433 2531,5433 2531,5435 2531,5436 2451,5435 2450,5434 2432,5434 2431,5433 2406,5433 2405,5432 2393,5432 2392,5431 2389,5431 2388,5430 2361,5430 2360,5429 2206,5428 2205,5429 2205,5430 2205,5430 2203,5430 2202,5431 2180,5431 2179,5432 2179,5436 2178,5437 2178,5439 2176,5441 2176,5442 2173,5445 2173,5446 2173,5446 2172,5446 2169,5449 2163,5449 2161,5448 2161,5447 2160,5446 2160,5437 2160,5436 2062,5436 2061,5435 2057,5435 2056,5434 1961,5433 1960,5434 1960,5457 1960,5457 1957,5457 1956,5457 1957,5402 1956,5401 1956,5368 1956,5367 1959,5367 1960,5368 1960,5374 1961,5375 1961,5385 1961,5385 2057,5386 2058,5385 2058,5373 2059,5372 2059,5371 2061,5369 2063,5369 2064,5369 2064,5370 2064,5371 2065,5371 2068,5373 2068,5387 2068,5388 2136,5388 2138,5386 2139,5386 2140,5385 2188,5385 2189,5385 2189,5364 2191,5361 2196,5361 2198,5363 2198,5379 2198,5379 2279,5380 2280,5379 2280,5378 2281,5377 2281,5373 2282,5372 2282,5371 2283,5370 2283,5369 2284,5368 2284,5367 2286,5365 2286,5364 2287,5363 2287,5361 2288,5360 2288,5359 2289,5358 2289,5357 2293,5353 2294,5353 2296,5351 2301,5351 2302,5350 2303,5350 2304,5351 2310,5351 2311,5352 2312,5352 2316,5355 2316,5381 2316,5382 2373,5382 2374,5383 2375,5383 2376,5384 2474,5384 2475,5383 2508,5384 2509,5383 2509,5367 2511,5365 2511,5364 2511,5364 2512,5364 2513,5365 2516,5365 2517,5365 2517,5366 2517,5367 2603,5367 2605,5365 2606,5365 2608,5363 2610,5363 2612,5361 2613,5361 2614,5360 2617,5360 2618,5359 2620,5359 2621,5358 2622,5358 2623,5357 2630,5357 2631,5357 2631,5356 2631,5355 2636,5355 2637,5356 2643,5356 2644,5357 2733,5358 2734,5358 2734,5382 2734,5383 2820,5383 2821,5382 2821,5381 2822,5380 2856,5380 2857,5380 2857,5371 2858,5370 2858,5367 2858,5366 2860,5366 2861,5365 2863,5365 2864,5366 2865,5366 2867,5368 2867,5385 2867,5385 2927,5385 2928,5384 2929,5384 2931,5382 2933,5382 2934,5381 2984,5382 2985,5381 2985,5380 2986,5379 2986,5378 2987,5377 2987,5375 2990,5372 2990,5370 2991,5369 2991,5364 2992,5363 2993,5363 2995,5361 2995,5360 2995,5360 2997,5358 2998,5358 3000,5356 3003,5356 3004,5355 3008,5355 3009,5354 3010,5354 3011,5355 3015,5355 3016,5356 3017,5356 3020,5359 3021,5359 3023,5360 3023,5386 3023,5387 3079,5387 3081,5385 3082,5385 3083,5385 3083,5384 3086,5380 3089,5380 3090,5381 3179,5382 3180,5381 3180,5373 3181,5372 3181,5371 3183,5369 3183,5367 3183,5367 3185,5367 3187,5365 3247,5365 3251,5361 3256,5361 3257,5360 3259,5360 3260,5359 3269,5359 3270,5360 3271,5360 3273,5362 3279,5362 3280,5362 3280,5381 3280,5382 3302,5382 3303,5383 3353,5383 3354,5383 3354,5353 3354,5352 3355,5353 3355,5383 3355,5383 3419,5384 3420,5383 3420,5358 3421,5357 3424,5357 3425,5356 3430,5356 3432,5357 3432,5379 3432,5380 3514,5380 3515,5380 3515,5381 3515,5382 3565,5382 3566,5381 3567,5381 3568,5381 3568,5379 3568,5378 3569,5379 3569,5383 3569,5383 3639,5384 3640,5385 3642,5385 3644,5386 3644,5388 3645,5389 3644,5414 3645,5415 3645,5420 3646,5421 3646,5424 3642,5429 3641,5429 3640,5430 3639,5430 3638,5431 3635,5431 3634,5432 3630,5432 3629,5432 3627,5432 3626,5433 3598,5433 3597,5434 3595,5434 3594,5433 3481,5433 3480,5432 3388,5431 3387,5432 3387,5461 3387,5461 3386,5461 3385,5462 3379,5462 3378,5463"/>
        <TextEquiv index="0">
          <Unicode>mius, in ſacrario Colonienſi, und Stephanus</Unicode>
        </TextEquiv>
        <TextEquiv index="1">
          <Unicode>mius, in ſacrario Colonienſi, und Stephanus</Unicode>
        </TextEquiv>
      </TextLine>
      <TextLine id="l47">
        <Coords points="1958,5576 1958,5568 1957,5567 1957,5458 1958,5457 1960,5457 1960,5458 1960,5460 1961,5461 1961,5472 1962,5472 2008,5472 2009,5473 2021,5473 2021,5474 2021,5475 2022,5475 2023,5475 2025,5478 2025,5479 2026,5480 2027,5480 2027,5480 2027,5483 2028,5484 2028,5489 2029,5490 2029,5495 2030,5496 2051,5496 2052,5497 2153,5497 2153,5497 2153,5476 2155,5474 2155,5473 2157,5471 2163,5471 2164,5470 2165,5470 2166,5471 2167,5471 2167,5472 2167,5475 2168,5476 2168,5494 2169,5494 2279,5495 2280,5494 2283,5494 2284,5493 2308,5493 2309,5492 2310,5492 2311,5491 2312,5491 2313,5490 2325,5490 2325,5489 2325,5488 2327,5487 2328,5488 2328,5490 2329,5491 2331,5491 2332,5492 2337,5492 2338,5493 2340,5493 2340,5493 2340,5494 2341,5495 2343,5495 2344,5496 2497,5497 2497,5496 2497,5475 2498,5474 2498,5473 2500,5472 2501,5472 2502,5471 2504,5471 2505,5472 2506,5472 2507,5473 2507,5474 2508,5475 2508,5495 2509,5496 2535,5496 2536,5497 2612,5497 2614,5495 2655,5495 2656,5494 2657,5494 2658,5493 2661,5493 2662,5494 2738,5495 2738,5494 2738,5476 2741,5474 2743,5474 2744,5473 2745,5473 2747,5475 2747,5476 2748,5477 2748,5478 2749,5479 2749,5497 2750,5498 2825,5498 2826,5497 2874,5497 2874,5497 2874,5481 2877,5478 2879,5478 2881,5476 2882,5476 2882,5477 2883,5478 2883,5479 2884,5480 2884,5494 2885,5494 2945,5495 2945,5494 2945,5492 2947,5491 2948,5491 2948,5490 2948,5489 2949,5489 2949,5489 2949,5490 2950,5491 3008,5491 3008,5490 3008,5476 3009,5476 3027,5476 3027,5475 3027,5470 3029,5469 3030,5469 3031,5468 3036,5468 3036,5468 3036,5470 3038,5472 3038,5494 3039,5495 3113,5495 3114,5494 3178,5495 3178,5494 3178,5488 3179,5487 3179,5485 3180,5484 3180,5483 3184,5479 3184,5477 3185,5476 3185,5475 3186,5475 3188,5475 3191,5472 3194,5472 3194,5471 3194,5470 3195,5470 3196,5470 3197,5469 3200,5469 3201,5468 3205,5468 3207,5466 3222,5466 3223,5465 3225,5465 3226,5464 3233,5464 3234,5463 3235,5463 3236,5462 3238,5462 3238,5462 3238,5465 3240,5467 3241,5467 3242,5468 3244,5468 3245,5469 3246,5469 3246,5469 3246,5470 3247,5471 3317,5471 3318,5470 3321,5470 3322,5469 3324,5469 3324,5470 3324,5471 3325,5472 3325,5475 3326,5476 3326,5494 3327,5494 3397,5494 3398,5493 3415,5494 3416,5493 3448,5493 3448,5492 3448,5479 3449,5478 3449,5477 3451,5476 3452,5476 3452,5475 3452,5474 3453,5474 3455,5474 3456,5475 3456,5477 3457,5478 3457,5493 3458,5494 3517,5494 3518,5493 3519,5493 3520,5492 3568,5492 3569,5491 3569,5486 3574,5481 3574,5480 3576,5478 3577,5478 3578,5477 3579,5477 3580,5476 3582,5476 3583,5475 3584,5475 3586,5473 3586,5470 3587,5469 3588,5469 3591,5466 3594,5466 3595,5465 3601,5465 3602,5466 3603,5466 3604,5467 3606,5467 3606,5468 3606,5469 3608,5471 3608,5472 3609,5473 3609,5506 3610,5506 3631,5507 3632,5508 3636,5508 3637,5509 3637,5511 3638,5512 3641,5512 3641,5512 3641,5513 3642,5514 3642,5515 3644,5517 3644,5527 3644,5528 3661,5528 3662,5528 3662,5534 3662,5535 3676,5535 3677,5535 3677,5539 3677,5540 3678,5540 3679,5540 3678,5541 3614,5540 3614,5541 3614,5578 3613,5579 3613,5580 3612,5580 3612,5580 3612,5541 3611,5540 3610,5540 3610,5541 3610,5543 3609,5543 3569,5543 3567,5541 3494,5541 3493,5542 3491,5542 3490,5543 3487,5543 3486,5544 3481,5544 3480,5543 3474,5543 3473,5542 3368,5541 3366,5543 3365,5543 3364,5544 3358,5544 3357,5545 3356,5545 3355,5546 3354,5545 3226,5545 3225,5546 3205,5546 3204,5545 3174,5545 3109,5544 3108,5545 3036,5545 3035,5544 3032,5544 3031,5543 2912,5542 2912,5543 2912,5544 2911,5544 2853,5544 2852,5545 2850,5545 2849,5546 2809,5546 2809,5546 2809,5572 2808,5573 2808,5575 2807,5576 2806,5576 2805,5577 2793,5577 2792,5576 2785,5576 2785,5575 2785,5545 2784,5545 2719,5545 2719,5545 2719,5546 2718,5547 2717,5547 2716,5546 2692,5545 2690,5543 2550,5543 2549,5542 2476,5541 2476,5542 2476,5545 2475,5546 2475,5547 2474,5548 2474,5549 2473,5550 2473,5552 2472,5553 2472,5554 2468,5557 2467,5557 2466,5558 2465,5558 2463,5560 2461,5560 2460,5559 2457,5559 2456,5558 2456,5551 2455,5550 2427,5550 2427,5550 2427,5547 2426,5546 2423,5546 2422,5545 2372,5545 2371,5544 2370,5544 2369,5543 2294,5543 2293,5544 2291,5544 2290,5543 2169,5542 2168,5543 2167,5543 2166,5544 2135,5544 2134,5545 2133,5545 2132,5546 2018,5545 2017,5546 2014,5546 2013,5547 2002,5547 2001,5548 1960,5548 1960,5549 1960,5568 1959,5569 1959,5576 1958,5576"/>
        <TextEquiv index="0">
          <Unicode>Brœlmanus, in Antiquitatibus Colonienſi-</Unicode>
        </TextEquiv>
        <TextEquiv index="1">
          <Unicode>Brdlmanus, in Antiquitatibus Colonienſi-</Unicode>
        </TextEquiv>
      </TextLine>
      <TextLine id="l48">
        <Coords points="1958,5577 2955,5581 2955,5683 1958,5679"/>
        <TextEquiv index="0">
          <Unicode>bus, können geleſen werden.</Unicode>
        </TextEquiv>
        <TextEquiv index="1">
          <Unicode>bus, können geleſen werden.</Unicode>
        </TextEquiv>
      </TextLine>
      <TextLine id="l49">
        <Coords points="3577,5792 2842,5789 2832,5789 2831,5790 2830,5790 2829,5791 2816,5791 2813,5788 2811,5788 2811,5787 2811,5781 2810,5781 2180,5778 2178,5776 2135,5776 2134,5775 2130,5775 2129,5774 2128,5774 2125,5770 2125,5768 2123,5766 2123,5765 2119,5762 2118,5762 2117,5761 2098,5761 2098,5760 2098,5730 2098,5730 2097,5730 2096,5729 2094,5729 2090,5725 2090,5724 2089,5723 2089,5708 2090,5707 2090,5705 2091,5704 2091,5703 2092,5702 2092,5701 2093,5700 2093,5699 2099,5694 2101,5694 2102,5693 2104,5693 2105,5692 2106,5692 2107,5691 2110,5691 2111,5690 2112,5690 2114,5688 2150,5688 2151,5687 2152,5687 2153,5686 2154,5686 2155,5687 2191,5687 2192,5688 2999,5692 3002,5689 3003,5689 3004,5688 3005,5688 3006,5687 3012,5687 3013,5686 3017,5686 3017,5685 3017,5682 3019,5681 3021,5681 3021,5681 3021,5683 3022,5684 3350,5685 3351,5687 3351,5707 3352,5707 3497,5708 3498,5709 3606,5709 3608,5711 3642,5712 3643,5713 3643,5714 3644,5715 3646,5715 3648,5717 3648,5722 3649,5723 3649,5724 3650,5725 3649,5726 3649,5748 3648,5750 3647,5750 3643,5753 3641,5753 3640,5754 3637,5754 3636,5755 3636,5756 3634,5758 3634,5759 3632,5761 3628,5760 3628,5761 3628,5763 3627,5763 3623,5763 3623,5764 3623,5767 3622,5767 3613,5767 3613,5768 3613,5769 3608,5773 3607,5773 3606,5774 3581,5774 3581,5775 3581,5793 3579,5794"/>
        <TextEquiv index="0">
          <Unicode>Wir wollen nunmehr in Beſchreibung an⸗</Unicode>
        </TextEquiv>
        <TextEquiv index="1">
          <Unicode>Wir wollen nunmehr in Beſchreibung an⸗</Unicode>
        </TextEquiv>
      </TextLine>
      <TextLine id="l50">
        <Coords points="1979,5790 3673,5797 3673,5909 1979,5902"/>
        <TextEquiv index="0">
          <Unicode>derer Oerter dieſes Hochlöbl. Churfürſten⸗</Unicode>
        </TextEquiv>
        <TextEquiv index="1">
          <Unicode>derer Oerter dieſes Hochlöbl. Churfürſten⸗</Unicode>
        </TextEquiv>
      </TextLine>
      <TextLine id="l51">
        <Coords points="1962,5903 3141,5908 3140,6051 1961,6046"/>
        <TextEquiv index="0">
          <Unicode>thumbs fortfahren; als da ſeyn:</Unicode>
        </TextEquiv>
        <TextEquiv index="1">
          <Unicode>thumbs fortfahren; als da ſeyn:</Unicode>
        </TextEquiv>
      </TextLine>
      <TextEquiv>
        <Unicode/>
      </TextEquiv>
    </TextRegion>
    <TextRegion id="r2" orientation="1.125" type="paragraph">
      <Coords points="172,6192 172,423 454,421 587,450 695,420 1000,419 1137,445 1296,418 1946,415 1942,1877 1961,6192"/>
      <TextLine id="l52">
        <Coords points="1382,545 1381,544 1379,544 1378,543 1377,517 1377,516 1248,519 1247,519 1247,520 1246,521 1246,522 1245,523 1245,524 1245,525 1244,525 1244,525 1244,526 1242,528 1241,528 1240,530 1240,533 1238,535 1238,539 1237,540 1237,541 1235,542 1201,543 1201,543 1201,544 1200,545 1197,545 1195,547 1193,547 1192,548 1191,548 1190,547 1189,547 1189,547 1189,528 1188,527 1069,529 1068,530 968,532 967,533 966,533 965,534 840,537 840,537 840,545 839,546 839,547 837,549 836,549 835,550 834,550 833,549 833,548 832,547 832,542 831,541 831,539 830,538 780,539 779,538 779,534 777,532 621,535 621,536 621,540 620,541 620,542 619,543 619,553 616,555 614,555 613,556 611,554 611,538 610,537 610,535 609,534 419,538 416,541 413,541 411,543 358,544 357,545 356,545 355,546 353,546 352,547 348,548 347,549 340,549 339,550 298,551 297,552 296,552 295,551 294,551 293,550 292,550 291,548 291,547 290,546 289,513 289,513 286,513 285,512 284,512 283,511 278,511 276,509 274,508 274,507 268,501 268,500 267,499 267,492 268,491 268,490 270,488 269,470 271,468 276,468 276,467 276,462 278,461 279,461 280,460 281,460 282,459 283,459 283,458 284,458 285,457 284,432 285,432 285,432 286,457 286,458 335,457 336,456 341,456 342,455 440,453 441,452 442,452 444,454 446,454 447,455 496,454 497,455 501,455 502,456 504,455 507,457 638,455 640,456 642,456 643,457 644,457 646,459 840,455 841,453 842,453 843,452 848,452 849,451 927,449 929,447 943,447 944,448 945,448 946,449 974,448 977,451 977,471 978,471 1044,470 1045,471 1046,471 1048,473 1069,472 1070,473 1106,473 1107,474 1112,474 1112,474 1113,476 1113,477 1219,474 1219,474 1219,431 1219,430 1220,430 1221,431 1221,474 1222,474 1261,474 1262,473 1375,470 1375,470 1375,469 1376,468 1376,465 1378,463 1378,462 1379,461 1379,460 1380,459 1380,458 1381,457 1381,455 1383,453 1384,453 1384,453 1386,451 1386,450 1389,446 1391,446 1393,444 1395,444 1396,443 1396,442 1396,442 1399,442 1400,441 1401,441 1402,440 1402,439 1402,439 1410,439 1412,437 1531,434 1532,433 1537,433 1538,432 1539,432 1540,431 1555,431 1556,432 1588,431 1589,432 1589,434 1591,436 1591,453 1592,453 1731,450 1734,447 1735,447 1736,446 1737,446 1739,443 1844,441 1845,441 1845,438 1846,437 1846,433 1846,432 1848,432 1849,433 1850,433 1852,435 1852,440 1852,440 1901,439 1902,439 1902,423 1902,422 1903,423 1903,439 1903,439 1944,438 1946,440 1946,467 1946,468 1946,518 1946,519 1946,531 1945,531 1943,531 1943,531 1942,510 1942,509 1842,511 1841,510 1765,512 1764,512 1765,529 1764,530 1685,531 1685,532 1685,534 1684,534 1681,534 1680,535 1678,535 1676,533 1675,534 1675,533 1674,515 1674,515 1577,516 1576,515 1390,519 1389,520 1389,522 1388,523 1388,524 1388,525 1388,541 1387,542 1387,544 1386,544 1384,544 1383,545"/>
        <TextEquiv index="0">
          <Unicode>Valckenſtein / ſo Aunno 1370. ſein Ampt wie⸗</Unicode>
        </TextEquiv>
        <TextEquiv index="1">
          <Unicode>Valckeunſtein / ſo Aunno 1370. ſein Ampt wie⸗</Unicode>
        </TextEquiv>
      </TextLine>
      <TextLine id="l53">
        <Coords points="1629,649 1629,645 1628,644 1626,644 1625,644 1620,644 1620,643 1620,640 1619,640 1445,643 1443,645 1438,645 1437,646 1320,648 1319,648 1201,650 1199,652 1198,652 1197,653 1196,653 1196,654 1191,654 1189,653 1187,653 1186,652 1186,651 1185,650 1185,643 1184,642 1184,639 1183,638 1116,640 1115,639 1092,639 1091,638 973,640 970,643 967,640 904,642 903,641 740,644 739,645 738,645 736,643 592,646 592,646 592,649 591,650 591,651 590,652 589,652 589,652 589,656 586,659 585,659 585,660 584,660 581,663 578,663 577,664 500,666 499,667 498,666 497,666 496,665 496,655 495,654 495,651 494,651 357,653 356,654 355,654 353,656 315,657 315,658 315,660 314,660 313,660 312,661 307,661 306,660 305,660 305,660 305,657 304,656 280,657 279,656 278,656 276,654 275,654 274,653 273,653 272,652 270,652 269,651 268,651 267,650 267,649 266,648 266,646 266,643 267,642 266,593 269,590 269,587 270,585 271,585 276,580 277,581 277,582 279,584 280,586 281,588 282,588 283,588 283,589 283,590 284,590 286,592 287,592 289,594 290,594 291,594 291,595 291,596 293,596 294,597 443,594 445,592 445,591 448,588 449,588 450,587 494,586 495,585 495,584 495,583 495,580 496,579 496,578 497,578 498,578 499,577 500,577 501,575 501,574 503,573 505,572 506,571 506,570 507,569 508,569 508,569 508,568 510,566 513,566 514,565 520,565 521,564 540,564 541,563 544,563 545,562 554,562 555,563 556,562 558,564 650,563 653,566 654,566 654,566 655,584 655,585 656,585 657,586 805,583 806,582 913,579 913,579 913,571 914,570 914,569 917,566 940,566 940,566 941,579 941,580 1001,579 1003,580 1003,581 1003,582 1165,579 1166,578 1165,570 1168,567 1170,567 1171,566 1172,566 1173,565 1174,565 1176,563 1179,563 1179,563 1179,562 1180,561 1241,560 1241,560 1241,559 1243,557 1244,557 1248,553 1252,553 1253,552 1262,552 1262,551 1262,550 1262,550 1288,549 1289,550 1290,550 1292,551 1296,551 1298,553 1324,552 1326,554 1444,552 1448,547 1451,547 1452,546 1452,545 1452,545 1453,545 1454,544 1456,544 1457,545 1591,542 1593,544 1593,545 1593,545 1594,545 1598,548 1600,548 1601,549 1719,547 1721,544 1722,544 1723,543 1727,542 1731,538 1737,538 1738,537 1747,537 1748,536 1752,536 1753,537 1761,537 1762,538 1763,538 1764,539 1796,538 1797,539 1798,539 1799,540 1799,543 1799,543 1942,540 1943,540 1943,532 1943,531 1945,531 1946,532 1946,569 1946,570 1946,597 1945,598 1945,620 1945,621 1945,642 1944,642 1943,642 1943,642 1942,620 1942,619 1781,622 1780,623 1777,624 1776,625 1643,627 1643,628 1643,629 1642,630 1642,632 1641,633 1641,634 1637,637 1636,637 1633,640 1630,640 1630,641 1630,649 1630,649"/>
        <TextEquiv index="0">
          <Unicode>der auffgeben; weil er auch Churfürſt zu Trier</Unicode>
        </TextEquiv>
        <TextEquiv index="1">
          <Unicode>der auffgeben; weil er auch Churfürſt zu Trier</Unicode>
        </TextEquiv>
      </TextLine>
      <TextLine id="l54">
        <Coords points="1944,754 1943,754 1943,750 1943,749 1813,752 1812,751 1809,751 1808,750 969,766 968,767 968,769 967,770 965,770 964,770 962,770 959,767 785,770 784,769 506,775 505,774 505,773 504,772 504,762 503,762 308,765 307,764 306,764 304,763 277,764 276,763 274,763 274,763 267,756 267,754 266,753 265,719 266,718 266,715 267,714 267,711 269,709 269,708 269,707 270,707 271,706 273,706 274,705 275,705 277,703 645,696 646,695 646,685 650,680 650,679 655,675 656,675 657,674 659,673 661,671 668,671 669,670 1553,653 1554,652 1557,652 1558,651 1561,651 1562,650 1569,650 1569,649 1573,649 1575,650 1944,642 1945,643 1945,671 1945,672 1945,722 1945,723 1945,754 1945,754"/>
        <TextEquiv index="0">
          <Unicode>war. 71. An ſeine ſtatt kam ſeiner Schweſter</Unicode>
        </TextEquiv>
        <TextEquiv index="1">
          <Unicode>war. 71. An ſeine ſtatt kam ſeiner Schweſter</Unicode>
        </TextEquiv>
      </TextLine>
      <TextLine id="l55">
        <Coords points="1943,863 1942,863 1942,840 1941,839 1802,842 1802,843 1802,844 1801,844 1648,847 1647,848 1645,848 1644,849 1627,850 1626,849 1485,851 1485,852 1485,863 1485,863 1438,864 1437,865 1437,866 1436,867 1436,869 1435,870 1434,870 1434,868 1434,867 1401,868 1400,867 1399,867 1398,867 1398,853 1397,852 1260,855 1259,854 1254,854 1253,853 1250,853 1249,852 1248,852 1247,851 1137,853 1136,852 1136,851 1135,850 937,854 936,855 933,855 932,856 904,857 903,856 781,858 780,857 744,858 743,857 524,861 524,862 524,863 523,864 523,865 523,865 507,866 506,866 506,867 506,868 501,868 500,869 459,869 458,870 458,882 457,883 457,884 456,885 456,887 456,888 449,888 448,887 430,887 428,886 428,884 427,882 318,884 317,883 311,883 310,882 307,882 306,881 304,881 303,881 303,880 303,880 300,880 299,879 295,879 292,876 291,876 288,873 287,873 285,871 285,870 284,869 281,869 278,867 278,866 275,863 275,862 271,858 271,857 270,856 270,852 268,850 268,844 267,843 267,841 267,840 267,836 268,835 268,831 270,829 270,827 271,826 271,823 273,821 273,819 274,818 274,817 276,815 276,814 277,813 277,812 278,810 278,809 281,806 282,806 286,802 288,802 289,801 290,801 293,798 294,798 295,797 296,797 297,796 298,796 299,795 305,794 307,792 316,792 317,791 327,791 328,790 329,791 554,787 554,786 554,785 556,784 702,781 703,780 704,780 705,779 709,779 710,780 711,779 712,781 713,794 713,794 813,792 815,794 815,808 815,808 967,805 968,805 968,786 968,785 972,785 973,784 974,784 975,783 976,783 977,782 1002,782 1002,781 1002,779 1004,778 1015,778 1016,778 1234,774 1235,773 1236,773 1239,770 1240,770 1241,769 1241,768 1243,766 1244,766 1245,765 1250,765 1251,764 1265,764 1266,765 1272,764 1273,765 1274,765 1274,766 1274,767 1275,767 1415,765 1416,764 1417,764 1419,762 1422,762 1424,763 1426,763 1426,764 1426,765 1427,765 1431,765 1432,766 1436,766 1437,768 1438,786 1438,786 1589,783 1591,782 1591,780 1593,778 1593,777 1593,776 1595,776 1596,775 1599,775 1599,775 1599,773 1602,770 1603,770 1604,769 1605,769 1606,768 1607,768 1608,767 1610,767 1612,765 1613,765 1615,763 1616,763 1617,762 1619,762 1620,761 1625,761 1626,760 1638,759 1640,761 1694,760 1694,761 1695,781 1695,781 1773,780 1774,779 1943,775 1944,775 1943,761 1944,760 1944,755 1945,754 1945,755 1945,773 1945,774 1945,824 1945,825 1945,863 1945,863"/>
        <TextEquiv index="0">
          <Unicode>Sohn / Fridericus III. ein Graf von Sarwer⸗</Unicode>
        </TextEquiv>
        <TextEquiv index="1">
          <Unicode>Sohn / Fridericus III. ein Graf von Sarwer⸗</Unicode>
        </TextEquiv>
      </TextLine>
      <TextLine id="l56">
        <Coords points="1943,974 1942,974 1942,953 1942,952 1906,953 1903,951 1657,956 1655,957 1655,969 1654,970 1654,971 1654,972 1653,973 1652,973 1651,972 1571,974 1570,973 1437,975 1436,975 1436,969 1436,968 1407,969 1404,966 1404,960 1404,960 1331,961 1330,961 1330,958 1329,957 1050,963 1048,965 995,966 994,967 890,969 889,970 889,983 887,985 888,990 886,991 885,991 884,992 880,992 878,990 877,972 877,971 830,972 829,971 786,972 687,974 686,975 590,977 589,977 589,984 589,985 588,984 588,974 588,974 412,977 410,979 410,983 409,984 407,984 405,983 376,983 375,983 375,982 375,981 279,983 278,982 277,982 276,982 276,981 274,978 272,978 271,977 267,977 264,975 264,943 264,942 264,916 268,912 268,911 268,910 270,910 271,910 271,909 272,907 275,907 276,908 278,908 279,908 279,912 279,913 280,913 281,914 282,914 283,914 283,915 285,917 287,917 289,919 432,916 432,915 432,912 433,911 433,910 434,909 456,909 457,908 457,907 459,904 583,902 584,901 585,902 726,899 727,898 730,898 731,897 735,897 736,896 806,895 807,894 807,893 808,892 809,892 811,890 814,889 815,888 820,888 821,887 823,887 824,888 834,888 835,889 862,889 865,891 865,892 865,892 867,892 868,893 1091,889 1092,889 1092,888 1093,886 1094,886 1096,884 1104,884 1104,883 1104,881 1105,881 1106,881 1107,880 1111,880 1112,879 1117,879 1118,880 1153,879 1154,880 1155,880 1156,881 1157,902 1157,903 1244,901 1245,902 1246,902 1247,903 1293,902 1294,903 1294,905 1294,905 1409,903 1410,904 1578,900 1581,898 1581,897 1582,895 1584,895 1585,894 1648,893 1650,892 1650,889 1651,888 1651,887 1652,886 1652,885 1652,884 1653,884 1655,882 1655,881 1657,879 1657,878 1657,878 1659,878 1663,874 1665,874 1666,873 1668,873 1670,871 1672,871 1673,870 1677,870 1680,872 1847,869 1847,869 1847,868 1848,867 1942,865 1942,865 1942,864 1943,863 1945,863 1945,864 1945,875 1945,876 1945,926 1945,927 1945,963 1944,964 1944,974 1944,974"/>
        <TextEquiv index="0">
          <Unicode>den / der den 8. Aprilis Anno 1414. geſtorben.</Unicode>
        </TextEquiv>
        <TextEquiv index="1">
          <Unicode>den / der den 8. Aprilis Anno 1414. geſtorben.</Unicode>
        </TextEquiv>
      </TextLine>
      <TextLine id="l57">
        <Coords points="1938,1086 1938,1086 1937,1076 1937,1075 1859,1077 1857,1076 1857,1074 1856,1073 1856,1069 1856,1068 1656,1072 1655,1071 1655,1070 1655,1069 1615,1070 1612,1067 1611,1067 1609,1065 1364,1070 1362,1071 1363,1088 1362,1089 1360,1089 1359,1090 1354,1090 1354,1089 1354,1087 1353,1086 1352,1072 1352,1072 1224,1074 1223,1073 1028,1077 1026,1075 1025,1075 1022,1072 675,1079 674,1080 673,1079 667,1079 666,1078 653,1079 652,1078 503,1081 502,1081 503,1108 502,1109 500,1109 500,1108 499,1081 499,1081 368,1083 366,1085 366,1086 364,1088 364,1089 364,1089 333,1090 332,1089 286,1090 285,1089 279,1089 278,1089 278,1087 275,1084 274,1043 273,1042 273,1037 274,1036 274,1032 275,1031 275,1028 276,1027 276,1025 277,1024 279,1024 279,1024 279,1023 284,1017 289,1017 290,1016 402,1014 403,1013 403,1009 405,1007 406,1007 407,1005 408,1005 409,1004 495,1003 497,1004 497,1005 497,1006 672,1002 675,1005 675,1007 676,1008 676,1011 676,1011 947,1006 948,1005 948,998 948,998 958,998 959,997 1192,992 1193,992 1193,991 1193,990 1195,990 1196,990 1197,988 1197,987 1197,987 1200,987 1202,985 1203,985 1204,984 1206,984 1207,983 1209,983 1210,982 1215,982 1216,981 1220,981 1221,982 1223,981 1224,982 1232,982 1232,983 1233,986 1233,986 1249,986 1251,988 1253,988 1254,989 1373,987 1374,988 1579,983 1581,981 1600,981 1601,980 1602,980 1605,977 1606,977 1607,976 1619,976 1620,975 1624,975 1627,978 1627,979 1631,982 1656,982 1657,983 1660,983 1661,984 1864,980 1866,978 1867,978 1868,977 1872,977 1873,976 1875,976 1876,975 1879,975 1880,976 1944,974 1944,975 1944,977 1944,978 1944,1027 1943,1028 1944,1078 1944,1079 1944,1086 1943,1086"/>
        <TextEquiv index="0">
          <Unicode>82. Theodoricus II. ein Graf von Mörs / ſo</Unicode>
        </TextEquiv>
        <TextEquiv index="1">
          <Unicode>82. Theodoricus II. ein Graf von Mörs / ſo</Unicode>
        </TextEquiv>
      </TextLine>
      <TextLine id="l58">
        <Coords points="1933,1192 1933,1191 1932,1174 1932,1174 1783,1177 1782,1177 1783,1185 1780,1188 1775,1188 1774,1187 1773,1187 1773,1186 1773,1185 1772,1184 1771,1167 1771,1167 1633,1169 1632,1170 1632,1182 1632,1182 1630,1181 1630,1169 1630,1169 1536,1170 1535,1171 1468,1173 1465,1176 1438,1176 1437,1177 1437,1178 1437,1178 1435,1178 1433,1180 1367,1182 1366,1182 1367,1192 1366,1193 1366,1192 1366,1189 1365,1189 1217,1192 1217,1192 1217,1202 1216,1203 1215,1202 1213,1202 1213,1201 1213,1197 1212,1197 1209,1197 1208,1195 1208,1193 1207,1193 1206,1193 1204,1191 1055,1194 1053,1196 1053,1197 1051,1199 1049,1199 1049,1199 1049,1200 1048,1201 1045,1201 1044,1202 1042,1202 1041,1203 1034,1203 1033,1202 1027,1202 1025,1200 892,1203 891,1204 805,1206 805,1205 805,1204 804,1204 715,1205 714,1205 708,1205 706,1202 706,1201 705,1201 704,1201 703,1199 703,1197 702,1197 511,1200 511,1201 511,1215 510,1216 507,1216 506,1217 503,1217 502,1218 494,1218 493,1219 489,1219 485,1215 485,1213 484,1212 292,1216 292,1215 292,1197 291,1197 266,1197 265,1197 265,1196 263,1194 263,1188 265,1186 266,1186 267,1185 267,1184 268,1183 268,1173 269,1172 278,1172 283,1166 283,1165 284,1164 285,1164 288,1161 288,1160 292,1156 292,1154 295,1151 295,1150 296,1149 324,1148 325,1148 325,1146 325,1145 325,1140 326,1139 326,1138 328,1136 328,1135 333,1130 335,1130 338,1127 341,1127 342,1126 420,1124 421,1123 421,1122 424,1118 494,1117 495,1116 500,1116 501,1115 501,1109 501,1109 502,1109 502,1115 502,1116 592,1114 593,1113 594,1113 596,1111 619,1110 620,1109 638,1109 639,1110 641,1110 643,1111 643,1112 643,1113 828,1109 830,1111 962,1109 963,1108 965,1108 966,1107 967,1107 968,1105 969,1105 971,1103 995,1103 996,1102 997,1102 999,1100 1006,1100 1007,1101 1011,1101 1013,1103 1015,1103 1017,1104 1017,1119 1018,1120 1206,1116 1208,1114 1209,1114 1209,1113 1209,1108 1211,1106 1211,1102 1212,1101 1216,1101 1217,1100 1219,1100 1221,1098 1226,1097 1227,1096 1229,1096 1231,1098 1232,1098 1234,1100 1234,1112 1235,1112 1451,1108 1452,1107 1452,1105 1453,1104 1457,1104 1458,1104 1458,1108 1458,1109 1460,1109 1464,1112 1468,1112 1472,1116 1473,1116 1474,1117 1475,1117 1476,1118 1476,1119 1477,1120 1478,1120 1479,1120 1480,1121 1557,1120 1558,1121 1629,1120 1630,1121 1817,1117 1823,1111 1824,1111 1826,1109 1828,1109 1831,1106 1838,1105 1839,1103 1936,1101 1937,1101 1937,1099 1938,1098 1938,1087 1938,1086 1943,1086 1944,1087 1944,1113 1943,1114 1943,1127 1942,1128 1942,1129 1942,1130 1942,1135 1941,1136 1941,1156 1940,1157 1940,1172 1939,1173 1940,1181 1939,1182 1939,1191 1938,1191"/>
        <TextEquiv index="0">
          <Unicode>48. jahr Ertzbiſchoff geweſen / und anno 1462.</Unicode>
        </TextEquiv>
        <TextEquiv index="1">
          <Unicode>48. jahr Ertzbiſchoff geweſen / und anno 1462.</Unicode>
        </TextEquiv>
      </TextLine>
      <TextLine id="l59">
        <Coords points="1930,1308 1930,1307 1930,1306 1929,1305 1929,1293 1928,1293 1869,1294 1868,1293 1867,1293 1866,1292 1757,1294 1757,1295 1757,1302 1755,1303 1754,1303 1753,1304 1672,1306 1671,1305 1670,1305 1668,1302 1668,1296 1667,1296 1635,1296 1634,1295 1633,1281 1633,1280 1533,1282 1532,1281 1409,1284 1408,1284 1409,1309 1408,1310 1408,1311 1407,1312 1393,1312 1391,1310 1390,1310 1390,1310 1389,1288 1389,1287 1223,1291 1219,1295 1217,1295 1216,1296 1215,1296 1212,1299 1212,1300 1210,1302 1209,1302 1208,1303 1207,1303 1207,1303 1207,1306 1206,1307 1206,1308 1205,1309 1193,1309 1192,1310 1185,1310 1184,1309 1183,1309 1183,1309 1183,1308 1182,1307 1143,1308 1142,1307 1141,1307 1140,1306 1015,1309 1013,1311 1013,1315 1012,1316 1012,1315 1012,1313 1011,1313 1006,1313 1005,1312 995,1312 994,1311 991,1311 990,1310 990,1297 989,1296 879,1298 879,1299 879,1303 878,1304 878,1308 875,1310 848,1311 847,1312 844,1312 844,1312 844,1313 841,1316 743,1318 742,1317 740,1317 739,1316 666,1317 665,1316 664,1317 664,1316 664,1315 663,1314 663,1302 662,1302 514,1304 513,1305 445,1307 444,1308 390,1309 389,1310 363,1310 363,1311 363,1312 362,1312 282,1314 282,1315 282,1326 281,1327 280,1327 276,1331 275,1331 274,1332 273,1332 272,1333 270,1333 266,1330 266,1321 265,1320 265,1319 264,1318 264,1310 263,1309 263,1304 260,1301 259,1299 260,1298 260,1275 262,1273 262,1268 263,1267 263,1266 264,1265 264,1250 265,1249 264,1248 265,1247 265,1246 266,1245 266,1244 267,1243 267,1242 270,1239 272,1239 272,1239 272,1238 273,1237 273,1236 276,1233 286,1233 287,1232 289,1232 290,1231 291,1231 293,1229 295,1229 297,1231 298,1231 301,1234 303,1234 304,1235 437,1232 440,1229 441,1229 442,1228 442,1227 442,1226 444,1225 448,1225 449,1224 450,1224 451,1223 455,1223 455,1223 455,1228 456,1229 593,1226 594,1225 598,1225 599,1224 601,1224 602,1223 682,1221 683,1220 686,1220 687,1221 689,1221 693,1225 851,1222 856,1216 881,1215 882,1214 886,1214 887,1213 890,1213 891,1214 893,1214 894,1215 895,1215 896,1216 1001,1214 1002,1215 1005,1215 1007,1216 1008,1216 1009,1217 1009,1227 1010,1228 1093,1226 1094,1228 1094,1230 1095,1231 1095,1239 1096,1239 1265,1236 1265,1235 1265,1214 1266,1213 1267,1213 1268,1212 1270,1212 1271,1211 1288,1210 1289,1209 1292,1209 1293,1210 1296,1210 1297,1211 1299,1211 1300,1212 1302,1212 1304,1213 1305,1213 1306,1214 1307,1214 1309,1216 1310,1216 1311,1217 1311,1220 1312,1221 1312,1223 1313,1224 1313,1226 1314,1227 1314,1236 1315,1237 1494,1233 1495,1232 1496,1232 1497,1231 1525,1231 1526,1230 1528,1230 1529,1231 1659,1228 1659,1227 1659,1224 1660,1223 1660,1222 1661,1221 1661,1217 1662,1216 1662,1214 1663,1213 1663,1211 1665,1209 1665,1208 1666,1207 1666,1206 1666,1206 1667,1206 1670,1203 1671,1203 1672,1202 1674,1202 1676,1200 1764,1198 1765,1199 1772,1199 1775,1202 1777,1202 1778,1203 1932,1200 1933,1199 1933,1192 1933,1192 1938,1191 1939,1192 1939,1193 1938,1194 1938,1229 1937,1230 1937,1231 1937,1232 1937,1281 1936,1283 1936,1307 1935,1308"/>
        <TextEquiv index="0">
          <Unicode>ſein Lebē beſchloſſen hat. 73. Rupertus, Pfaltz⸗</Unicode>
        </TextEquiv>
        <TextEquiv index="1">
          <Unicode>ſein Lebe beſchloſſen hat. 73. Rupertus, Pfaltz⸗</Unicode>
        </TextEquiv>
      </TextLine>
      <TextLine id="l60">
        <Coords points="261,1445 263,1401 263,1390 264,1389 264,1387 265,1386 265,1383 266,1382 268,1382 268,1381 269,1380 269,1379 274,1374 274,1372 275,1370 276,1370 278,1368 280,1368 283,1365 284,1365 286,1363 287,1363 288,1362 319,1361 321,1360 321,1354 397,1353 398,1352 398,1351 399,1350 398,1348 400,1348 400,1346 401,1345 401,1344 403,1343 404,1343 405,1341 405,1340 407,1339 408,1339 409,1338 410,1338 412,1335 415,1335 416,1334 590,1331 591,1330 596,1330 597,1329 598,1330 636,1329 636,1331 637,1332 637,1333 638,1333 672,1332 673,1333 683,1333 684,1334 753,1333 753,1341 754,1342 859,1340 860,1341 861,1344 861,1345 863,1345 863,1347 864,1348 864,1351 964,1349 965,1350 1020,1349 1021,1350 1242,1345 1243,1345 1243,1343 1244,1342 1244,1337 1245,1336 1245,1335 1247,1333 1247,1332 1249,1330 1250,1330 1251,1329 1254,1329 1255,1328 1256,1328 1258,1326 1259,1326 1260,1327 1268,1327 1271,1330 1271,1331 1274,1334 1507,1329 1507,1318 1521,1318 1522,1317 1523,1317 1523,1314 1525,1314 1526,1313 1541,1312 1541,1311 1543,1311 1545,1312 1549,1312 1551,1314 1552,1314 1553,1315 1578,1315 1579,1316 1662,1314 1664,1316 1711,1315 1712,1316 1712,1318 1713,1319 1714,1339 1714,1340 1927,1336 1928,1335 1928,1334 1929,1334 1929,1308 1936,1308 1936,1332 1935,1334 1935,1351 1934,1352 1935,1435 1865,1409 1816,1427 1609,1413 1511,1430 1451,1429 1398,1410 1340,1428 845,1423 757,1442"/>
        <TextEquiv index="0">
          <Unicode>graf bey Rhein / θ. anno 1480. 16. Julii. 74.</Unicode>
        </TextEquiv>
        <TextEquiv index="1">
          <Unicode>eX.</Unicode>
        </TextEquiv>
      </TextLine>
      <TextLine id="l61">
        <Coords points="261,1531 261,1443 1927,1417 1924,1531"/>
        <TextEquiv index="0">
          <Unicode>Hermannus IV. ein Landgraf zu Hessen / so</Unicode>
        </TextEquiv>
      </TextLine>
      <TextLine id="l62">
        <Coords points="1314,1646 1314,1645 1313,1643 1278,1644 1277,1643 1277,1642 1276,1642 1275,1641 1275,1636 1191,1637 1190,1636 1189,1636 1187,1635 1187,1620 1186,1619 1179,1619 1178,1618 1176,1619 1175,1618 1170,1618 1168,1616 1166,1616 1165,1615 947,1619 946,1620 897,1621 897,1622 896,1623 892,1623 892,1624 821,1625 820,1627 818,1627 818,1629 817,1630 817,1631 816,1632 816,1633 815,1634 815,1636 811,1640 811,1641 809,1644 797,1644 796,1643 787,1643 784,1640 780,1640 780,1639 779,1638 779,1626 416,1633 415,1634 376,1635 375,1636 344,1637 342,1639 338,1639 337,1638 337,1637 271,1638 270,1638 270,1637 267,1633 266,1633 263,1631 263,1627 262,1626 261,1590 263,1588 263,1586 264,1585 264,1583 265,1582 266,1582 268,1580 269,1580 270,1579 271,1579 271,1578 273,1578 274,1577 347,1576 348,1575 348,1569 349,1568 349,1566 350,1565 350,1564 351,1563 490,1560 491,1559 494,1559 494,1562 496,1565 497,1565 498,1566 502,1566 504,1568 507,1568 508,1569 765,1564 766,1563 766,1555 767,1554 767,1553 769,1551 769,1548 772,1548 773,1547 774,1547 774,1548 775,1550 776,1551 776,1563 806,1563 806,1565 893,1563 895,1565 895,1569 971,1568 972,1569 992,1568 994,1570 1224,1566 1225,1565 1282,1563 1283,1562 1289,1562 1290,1561 1356,1560 1358,1558 1359,1558 1360,1557 1360,1556 1361,1556 1362,1555 1363,1555 1365,1556 1365,1558 1490,1555 1491,1555 1491,1546 1492,1545 1492,1544 1493,1543 1493,1541 1494,1541 1495,1540 1499,1540 1499,1541 1500,1555 1760,1550 1761,1550 1760,1536 1937,1536 1936,1537 1937,1581 1936,1582 1936,1587 1935,1588 1936,1629 1936,1630 1931,1630 1930,1629 1930,1611 1929,1610 1929,1603 1928,1603 1653,1608 1649,1612 1648,1612 1647,1613 1644,1613 1644,1615 1643,1615 1538,1617 1538,1618 1480,1620 1479,1620 1479,1633 1362,1635 1361,1636 1345,1636 1344,1637 1344,1644 1334,1644 1333,1645"/>
        <TextEquiv index="0">
          <Unicode>wider den vorigen anno 1473. zu einem Admi-</Unicode>
        </TextEquiv>
        <TextEquiv index="1">
          <Unicode>wider den vorigen anno 1473.zu einem Admi-</Unicode>
        </TextEquiv>
      </TextLine>
      <TextLine id="l63">
        <Coords points="1931,1746 1931,1745 1930,1718 1930,1718 1763,1721 1761,1723 1761,1727 1760,1728 1760,1730 1758,1732 1758,1733 1757,1734 1757,1735 1757,1735 1755,1735 1753,1737 1750,1737 1747,1740 1738,1741 1737,1740 1728,1740 1723,1735 1722,1735 1721,1734 1721,1733 1720,1732 1720,1731 1719,1730 1719,1729 1718,1728 1609,1730 1608,1729 1462,1732 1461,1732 1461,1742 1459,1745 1456,1745 1455,1746 1453,1746 1452,1747 1435,1747 1434,1746 1433,1746 1431,1745 1431,1742 1430,1741 1430,1732 1430,1732 1333,1733 1332,1732 1330,1733 1329,1732 1287,1732 1286,1731 1285,1731 1284,1730 1283,1730 1282,1729 1200,1731 1199,1730 1198,1730 1197,1729 1026,1732 1025,1732 864,1735 863,1735 863,1749 861,1751 862,1753 859,1756 854,1756 853,1757 840,1757 839,1756 838,1756 837,1755 836,1736 836,1735 835,1735 833,1733 737,1735 735,1733 672,1734 670,1732 625,1733 624,1732 545,1734 433,1736 432,1737 422,1737 421,1738 396,1739 395,1740 391,1740 390,1741 272,1743 271,1744 264,1744 263,1744 263,1742 262,1741 261,1674 260,1674 255,1674 254,1672 254,1672 362,1670 365,1666 366,1666 368,1664 372,1664 373,1663 375,1663 376,1664 381,1664 383,1666 384,1666 386,1668 386,1669 387,1670 387,1674 388,1674 388,1683 389,1684 499,1682 499,1682 499,1684 500,1685 678,1681 679,1680 682,1680 682,1680 682,1679 683,1678 686,1678 687,1676 703,1676 705,1674 829,1671 830,1671 830,1666 831,1664 836,1664 837,1663 838,1663 840,1661 841,1661 842,1660 843,1660 844,1660 844,1658 844,1657 845,1657 846,1656 852,1656 853,1657 894,1656 896,1658 896,1669 896,1669 921,1669 922,1669 922,1670 923,1671 923,1672 923,1672 1088,1669 1089,1669 1089,1666 1090,1665 1090,1663 1090,1662 1091,1662 1093,1660 1096,1660 1097,1659 1098,1660 1098,1664 1098,1664 1099,1664 1102,1667 1103,1667 1105,1669 1106,1669 1107,1670 1108,1670 1109,1671 1111,1671 1114,1673 1156,1672 1157,1672 1157,1673 1158,1674 1290,1671 1290,1671 1290,1666 1291,1665 1291,1664 1291,1663 1292,1663 1293,1663 1293,1660 1293,1659 1314,1659 1315,1658 1315,1646 1315,1646 1333,1645 1334,1644 1344,1644 1345,1645 1346,1645 1347,1646 1348,1646 1349,1647 1351,1647 1352,1648 1446,1646 1447,1647 1579,1645 1580,1644 1586,1643 1587,1642 1601,1642 1602,1643 1603,1643 1604,1644 1608,1644 1609,1645 1682,1644 1683,1644 1683,1645 1684,1646 1684,1659 1684,1660 1871,1656 1872,1655 1872,1654 1872,1654 1873,1654 1874,1653 1874,1652 1874,1652 1875,1652 1876,1651 1878,1651 1879,1650 1929,1649 1930,1648 1929,1635 1930,1634 1930,1630 1931,1630 1936,1630 1936,1630 1937,1643 1936,1644 1937,1740 1937,1741 1937,1745 1936,1746"/>
        <TextEquiv index="0">
          <Unicode>niſtratore erwehlt worden. Daher Krieg ent⸗</Unicode>
        </TextEquiv>
        <TextEquiv index="1">
          <Unicode>niſtratore erwehlt worden. Daher Krieg ent⸗</Unicode>
        </TextEquiv>
      </TextLine>
      <TextLine id="l64">
        <Coords points="269,1881 268,1880 267,1880 267,1880 267,1879 266,1878 266,1864 263,1861 262,1836 261,1835 261,1833 260,1832 260,1825 259,1824 259,1821 260,1820 260,1817 261,1816 261,1811 262,1810 262,1809 264,1806 264,1805 266,1803 266,1802 269,1799 269,1798 270,1797 270,1796 271,1795 271,1794 272,1793 272,1791 273,1790 274,1790 275,1789 275,1788 279,1784 280,1784 281,1782 282,1782 283,1781 284,1781 285,1780 286,1780 287,1779 288,1779 289,1778 293,1778 294,1777 300,1777 301,1778 302,1778 303,1779 304,1779 304,1780 305,1782 421,1779 423,1781 423,1783 424,1783 425,1783 427,1785 627,1781 629,1779 629,1776 632,1773 632,1772 633,1770 635,1770 638,1767 639,1767 640,1766 641,1766 642,1765 645,1765 646,1764 651,1764 652,1763 665,1763 666,1762 684,1761 685,1762 686,1762 687,1763 688,1763 690,1765 806,1763 807,1764 809,1764 810,1765 813,1765 814,1765 814,1766 815,1768 904,1766 905,1767 1220,1761 1222,1762 1222,1763 1222,1764 1522,1758 1523,1757 1524,1757 1525,1756 1532,1756 1533,1755 1534,1756 1535,1755 1536,1756 1537,1757 1537,1758 1541,1762 1541,1766 1541,1766 1584,1766 1585,1766 1585,1767 1585,1768 1586,1767 1587,1768 1587,1772 1588,1772 1797,1768 1797,1768 1797,1766 1798,1765 1798,1764 1799,1763 1799,1758 1802,1754 1804,1754 1809,1749 1930,1747 1931,1746 1936,1746 1937,1746 1937,1751 1938,1752 1938,1759 1939,1760 1939,1791 1939,1792 1939,1842 1939,1843 1939,1847 1938,1848 1932,1848 1931,1847 1772,1850 1771,1849 1768,1849 1767,1847 1766,1831 1766,1831 1554,1835 1553,1836 1553,1846 1551,1848 1550,1848 1549,1850 1549,1851 1547,1852 1544,1852 1543,1851 1361,1855 1342,1855 1341,1856 1331,1857 1329,1855 1318,1855 1318,1854 1318,1853 1315,1850 1314,1841 1314,1841 1286,1841 1285,1840 1284,1840 1283,1839 1260,1840 1259,1839 1036,1843 1035,1844 1036,1859 1034,1860 1030,1860 1029,1861 1026,1862 1026,1861 1026,1860 1025,1860 897,1862 785,1864 783,1866 779,1866 778,1865 777,1850 777,1849 662,1852 661,1851 656,1851 655,1850 649,1850 648,1849 304,1856 303,1856 303,1857 303,1858 302,1858 300,1860 281,1860 281,1861 281,1863 280,1864 280,1865 279,1866 279,1872 278,1873 278,1879 277,1879 276,1879 275,1880 273,1880 272,1881"/>
        <TextEquiv index="0">
          <Unicode>ſtanden. Er iſt gleichwol im gedachten 1480.</Unicode>
        </TextEquiv>
        <TextEquiv index="1">
          <Unicode>ſtanden. Er iſt gleichwol im gedachten 1480.</Unicode>
        </TextEquiv>
      </TextLine>
      <TextLine id="l65">
        <Coords points="1931,1964 1931,1963 1931,1953 1930,1953 1793,1955 1790,1953 1719,1954 1718,1953 1621,1955 1620,1954 1619,1954 1619,1953 1619,1952 1618,1951 1618,1950 1616,1949 1458,1952 1457,1951 1456,1941 1456,1940 1412,1941 1411,1941 1412,1958 1411,1959 1291,1961 1291,1962 1291,1967 1289,1968 1286,1968 1285,1969 1282,1969 1281,1971 1280,1970 1279,1970 1278,1969 1277,1969 1276,1968 1275,1968 1274,1967 1270,1967 1270,1966 1269,1946 1269,1946 1112,1949 1111,1949 1111,1950 1111,1951 1110,1951 1109,1952 1108,1952 1106,1954 1105,1954 1104,1955 1102,1955 1102,1956 1102,1957 1101,1958 1101,1960 1099,1961 1093,1961 1092,1963 1092,1970 1091,1970 1090,1970 1089,1971 1086,1971 1085,1972 1084,1972 1084,1972 1084,1971 1083,1970 1082,1951 1082,1950 921,1954 920,1954 921,1977 920,1978 920,1977 919,1954 919,1954 852,1955 851,1956 843,1956 842,1957 841,1957 840,1956 839,1956 838,1955 837,1955 836,1954 834,1954 833,1953 618,1958 618,1958 618,1970 616,1972 615,1972 614,1973 613,1973 610,1976 608,1976 607,1977 598,1977 596,1974 596,1973 595,1972 595,1960 594,1960 583,1960 583,1960 582,1958 582,1957 421,1960 420,1962 420,1965 418,1967 418,1968 416,1970 368,1970 368,1971 368,1982 364,1986 267,1987 265,1989 264,1990 263,1989 262,1989 261,1988 261,1987 260,1986 259,1917 258,1916 258,1914 259,1913 259,1911 259,1911 265,1910 267,1908 268,1908 270,1906 271,1906 272,1905 273,1905 274,1904 274,1897 275,1896 278,1896 278,1896 278,1894 281,1891 281,1890 283,1888 350,1887 351,1886 357,1886 358,1887 359,1887 361,1889 363,1889 363,1889 363,1890 364,1891 585,1886 585,1886 585,1885 588,1882 590,1882 590,1881 591,1881 593,1879 598,1879 599,1878 602,1881 603,1881 604,1881 604,1882 606,1884 647,1883 648,1884 648,1887 649,1888 650,1888 651,1889 791,1886 791,1886 791,1885 797,1878 798,1878 801,1875 803,1875 804,1874 805,1874 808,1871 809,1871 810,1870 817,1870 818,1869 821,1869 822,1869 822,1870 822,1871 834,1870 835,1871 837,1871 838,1872 872,1872 874,1873 874,1874 875,1875 875,1880 876,1880 1093,1876 1094,1875 1095,1875 1096,1874 1097,1874 1100,1871 1102,1871 1103,1870 1105,1870 1106,1869 1113,1869 1114,1870 1169,1869 1170,1870 1172,1870 1173,1871 1177,1871 1179,1872 1183,1872 1184,1873 1184,1874 1185,1875 1186,1875 1189,1877 1191,1877 1191,1878 1191,1881 1194,1884 1194,1895 1195,1895 1407,1891 1409,1889 1410,1889 1411,1888 1440,1887 1440,1887 1440,1876 1441,1875 1441,1874 1444,1870 1495,1869 1496,1869 1496,1868 1496,1867 1497,1867 1498,1866 1502,1866 1503,1866 1503,1862 1503,1861 1504,1861 1505,1860 1550,1859 1552,1861 1553,1861 1555,1863 1729,1860 1731,1858 1740,1857 1741,1858 1881,1856 1884,1853 1884,1852 1884,1852 1910,1851 1911,1850 1915,1850 1916,1849 1917,1849 1918,1848 1938,1848 1939,1848 1939,1888 1938,1889 1939,1902 1938,1903 1938,1944 1938,1945 1938,1952 1937,1953 1937,1963 1936,1964"/>
        <TextEquiv index="0">
          <Unicode>jahr / nach dem Tode deß Ruperti, Ertzbiſchoff</Unicode>
        </TextEquiv>
        <TextEquiv index="1">
          <Unicode>jahr / nach dem Tode deß Ruperti, Ertzbiſchoff</Unicode>
        </TextEquiv>
      </TextLine>
      <TextLine id="l66">
        <Coords points="1842,2071 1841,2070 1837,2070 1835,2067 1835,2066 1837,2064 1840,2064 1841,2063 1840,2042 1840,2042 1796,2042 1795,2041 1630,2045 1629,2045 1630,2071 1630,2072 1637,2072 1638,2073 1643,2072 1644,2073 1643,2073 1624,2074 1624,2073 1623,2045 1623,2045 1600,2045 1599,2046 1599,2049 1599,2049 1598,2049 1597,2050 1598,2052 1597,2053 1597,2055 1596,2056 1596,2058 1594,2060 1594,2062 1591,2064 1590,2064 1590,2065 1590,2067 1587,2070 1586,2070 1583,2073 1577,2073 1576,2071 1576,2069 1575,2069 1530,2070 1529,2068 1529,2053 1528,2053 1358,2056 1358,2057 1358,2061 1357,2062 1357,2064 1356,2065 1356,2066 1353,2069 1353,2070 1352,2070 1349,2070 1348,2071 1347,2071 1345,2073 1343,2073 1342,2074 1341,2073 1337,2073 1337,2073 1337,2069 1339,2066 1340,2066 1341,2066 1340,2050 1340,2049 1062,2055 1062,2055 1062,2056 1060,2058 1060,2060 1059,2061 1057,2061 1056,2062 1055,2061 829,2065 829,2066 829,2071 828,2072 828,2078 826,2079 825,2079 825,2080 825,2082 824,2083 823,2083 823,2084 820,2082 747,2083 746,2082 743,2082 739,2078 738,2078 738,2078 738,2077 737,2076 736,2076 735,2075 735,2072 734,2071 734,2067 735,2066 734,2065 551,2069 551,2069 551,2072 548,2075 548,2076 547,2077 547,2078 546,2079 544,2079 543,2078 543,2073 544,2072 544,2069 543,2068 354,2072 353,2073 351,2073 349,2075 300,2076 299,2075 271,2075 269,2073 268,2073 267,2072 267,2071 266,2070 266,2069 263,2067 262,2067 262,2066 262,2065 260,2063 259,2034 258,2033 258,2029 259,2028 259,2026 261,2024 261,2019 262,2018 289,2017 290,2016 385,2014 386,2013 414,2013 415,2012 414,2007 415,2006 415,2005 419,2001 420,2001 420,2001 420,1999 421,1998 422,1998 423,1997 425,1997 426,1999 426,2003 430,2006 433,2006 434,2007 681,2002 681,2002 681,2001 683,1999 683,1997 687,1993 833,1990 833,1990 833,1988 835,1986 836,1986 837,1985 842,1985 843,1984 968,1982 970,1984 970,2002 971,2003 1035,2001 1036,2002 1056,2002 1056,2002 1056,2003 1057,2004 1058,2004 1060,2006 1140,2004 1141,2005 1158,2005 1159,2006 1431,2001 1431,2000 1431,1993 1432,1992 1432,1988 1433,1988 1434,1988 1435,1987 1436,1986 1437,1985 1438,1985 1439,1984 1440,1984 1441,1983 1442,1983 1443,1982 1451,1982 1452,1983 1457,1983 1458,1984 1459,1984 1463,1988 1463,1989 1464,1990 1464,1999 1465,2000 1654,1996 1654,1996 1654,1975 1654,1974 1649,1974 1648,1974 1648,1972 1648,1971 1649,1970 1651,1970 1652,1969 1667,1969 1668,1968 1713,1967 1714,1966 1719,1966 1720,1966 1720,1968 1721,1969 1721,1971 1721,1972 1929,1968 1930,1967 1930,1964 1930,1964 1936,1964 1937,1964 1938,2044 1937,2045 1938,2062 1937,2063 1937,2066 1936,2067 1857,2068 1855,2070"/>
        <TextEquiv index="0">
          <Unicode>worden / und geſtorben anno 1508. 75. Philip-</Unicode>
        </TextEquiv>
        <TextEquiv index="1">
          <Unicode>worden / und geſtorben anno 1508. 75. Philip-</Unicode>
        </TextEquiv>
      </TextLine>
      <TextLine id="l67">
        <Coords points="270,2210 269,2209 268,2209 267,2208 265,2209 264,2208 264,2207 264,2207 263,2207 261,2205 261,2203 263,2202 266,2202 266,2201 265,2137 266,2136 266,2135 267,2134 267,2133 267,2132 273,2132 274,2131 275,2131 276,2130 277,2130 278,2129 306,2129 307,2128 306,2107 307,2107 308,2107 308,2107 309,2129 309,2130 415,2128 416,2127 415,2103 416,2103 450,2102 452,2100 479,2099 480,2101 481,2118 481,2118 584,2116 585,2116 584,2106 586,2104 586,2102 589,2099 668,2098 671,2095 673,2094 675,2092 676,2092 678,2090 680,2090 682,2088 684,2088 686,2086 690,2086 691,2087 709,2087 709,2087 709,2092 710,2093 726,2092 727,2093 728,2093 730,2096 730,2098 733,2101 733,2102 735,2104 736,2112 736,2112 832,2110 833,2110 832,2108 834,2106 834,2105 836,2103 836,2100 837,2099 839,2099 839,2099 839,2098 840,2097 841,2097 841,2097 841,2096 842,2095 842,2094 843,2093 844,2093 845,2092 847,2092 849,2090 851,2090 852,2089 855,2089 856,2090 857,2090 859,2092 862,2092 862,2092 862,2093 863,2094 867,2094 868,2095 869,2113 869,2114 1046,2110 1047,2110 1047,2107 1047,2106 1048,2106 1051,2103 1054,2103 1057,2100 1059,2100 1060,2099 1061,2099 1063,2097 1064,2097 1065,2096 1067,2096 1067,2095 1067,2094 1068,2093 1068,2092 1070,2091 1072,2091 1074,2089 1075,2089 1077,2087 1078,2087 1079,2088 1087,2087 1087,2088 1087,2091 1088,2091 1143,2090 1144,2091 1145,2091 1146,2092 1148,2092 1148,2093 1149,2108 1149,2108 1243,2106 1245,2104 1246,2104 1246,2104 1246,2100 1247,2099 1247,2098 1249,2096 1249,2095 1251,2093 1252,2093 1252,2093 1252,2092 1254,2090 1255,2090 1256,2089 1259,2089 1261,2087 1262,2087 1264,2085 1267,2085 1268,2084 1273,2084 1274,2085 1275,2085 1276,2086 1277,2086 1283,2092 1286,2091 1286,2092 1286,2093 1287,2093 1346,2092 1347,2094 1348,2106 1348,2106 1362,2106 1363,2107 1383,2107 1384,2108 1510,2105 1511,2105 1510,2096 1512,2094 1512,2093 1513,2092 1514,2092 1515,2091 1516,2091 1517,2090 1601,2088 1601,2088 1601,2086 1604,2083 1604,2082 1605,2081 1607,2081 1610,2078 1611,2078 1613,2075 1619,2075 1620,2074 1646,2073 1647,2074 1651,2074 1654,2076 1655,2076 1656,2077 1657,2077 1662,2082 1664,2082 1665,2084 1665,2085 1666,2085 1666,2086 1667,2087 1667,2089 1668,2090 1669,2090 1674,2095 1674,2096 1677,2099 1820,2096 1821,2094 1821,2092 1822,2091 1822,2090 1824,2089 1862,2088 1863,2087 1863,2086 1864,2085 1864,2083 1865,2082 1865,2081 1868,2078 1869,2078 1871,2076 1931,2075 1931,2074 1931,2067 1931,2067 1936,2067 1937,2067 1937,2070 1938,2071 1937,2072 1938,2144 1937,2145 1938,2162 1937,2163 1932,2163 1932,2162 1932,2160 1931,2160 1898,2160 1897,2159 1896,2159 1895,2158 1799,2160 1797,2158 1652,2161 1651,2162 1650,2162 1649,2163 1641,2163 1641,2164 1641,2165 1640,2166 1639,2166 1639,2165 1639,2164 1638,2164 1637,2164 1635,2162 1634,2162 1633,2161 1444,2164 1443,2163 1270,2167 1270,2167 1270,2182 1270,2183 1251,2183 1249,2185 1248,2185 1247,2186 1246,2185 1245,2185 1244,2184 1243,2184 1242,2184 1242,2172 1241,2171 1241,2165 1240,2164 1143,2166 1143,2167 1143,2168 1142,2168 1139,2168 1138,2169 1092,2170 1091,2171 1089,2171 1088,2172 1084,2172 1083,2173 1082,2173 1081,2174 1075,2175 1074,2174 1070,2174 1067,2171 999,2172 998,2171 841,2174 841,2175 841,2188 841,2188 834,2188 833,2187 832,2187 831,2187 831,2173 830,2172 715,2175 713,2177 710,2177 710,2177 710,2178 709,2179 705,2179 704,2180 703,2179 692,2179 691,2178 686,2178 684,2176 628,2177 627,2176 626,2176 625,2175 578,2176 577,2175 575,2175 574,2174 546,2175 546,2174 546,2172 545,2172 441,2174 441,2175 441,2176 440,2176 289,2179 289,2180 289,2208 289,2208 287,2208 286,2209 274,2209 273,2210"/>
        <TextEquiv index="0">
          <Unicode>pus II. ein Graf von Oberſtein und Dun / θ.</Unicode>
        </TextEquiv>
        <TextEquiv index="1">
          <Unicode>pus II. ein Graf von Oberſtein und Dun / s.</Unicode>
        </TextEquiv>
      </TextLine>
      <TextLine id="l68">
        <Coords points="1938,2290 1937,2289 1937,2284 1937,2284 1539,2292 1535,2288 1535,2277 1534,2277 1404,2279 1403,2278 1401,2278 1400,2277 1391,2277 1389,2275 1387,2275 1386,2275 519,2292 517,2293 517,2294 516,2295 516,2296 514,2298 514,2300 510,2305 438,2306 437,2307 432,2307 431,2308 333,2310 332,2311 331,2310 330,2310 329,2310 329,2293 329,2292 276,2293 275,2292 272,2292 270,2291 270,2288 269,2287 270,2286 269,2245 270,2244 270,2243 271,2242 272,2242 273,2241 404,2239 405,2238 464,2237 465,2236 573,2233 574,2233 574,2232 574,2231 575,2231 576,2230 577,2230 581,2226 582,2226 583,2225 584,2225 586,2223 588,2223 589,2222 591,2222 592,2221 593,2221 594,2220 596,2220 597,2219 637,2218 638,2218 637,2206 640,2203 1381,2189 1383,2187 1387,2186 1388,2185 1394,2185 1395,2184 1930,2174 1931,2173 1931,2163 1931,2163 1937,2163 1938,2163 1938,2183 1939,2184 1941,2261 1942,2262 1942,2279 1943,2280 1943,2287 1944,2288 1944,2289 1944,2290"/>
        <TextEquiv index="0">
          <Unicode>1515. 76. Hermannus V. ein Graf von We⸗</Unicode>
        </TextEquiv>
        <TextEquiv index="1">
          <Unicode>1515. 76. Hermannus V. ein Graf von We⸗</Unicode>
        </TextEquiv>
      </TextLine>
      <TextLine id="l69">
        <Coords points="1939,2397 1938,2396 1938,2373 1937,2373 1855,2374 1854,2373 1809,2374 1808,2373 1807,2373 1806,2372 1636,2376 1635,2377 1635,2378 1634,2379 1633,2379 1632,2380 1554,2381 1554,2382 1554,2386 1553,2387 1553,2389 1551,2391 1551,2392 1550,2393 1549,2393 1544,2398 1542,2398 1541,2400 1530,2400 1529,2399 1524,2399 1523,2398 1522,2398 1520,2396 1519,2396 1518,2395 1517,2395 1516,2394 1516,2393 1514,2392 1514,2389 1514,2388 1403,2390 1310,2392 1309,2393 1309,2396 1308,2397 1308,2398 1307,2399 1307,2400 1306,2401 1305,2401 1304,2402 1240,2403 1239,2404 1238,2404 1237,2405 1236,2405 1234,2404 1234,2394 1234,2394 1135,2395 1134,2395 1134,2389 1134,2388 1018,2391 1017,2390 1017,2389 1017,2389 782,2393 779,2396 779,2398 778,2399 776,2400 774,2402 773,2401 772,2401 771,2400 771,2399 770,2398 770,2393 770,2393 631,2395 630,2396 628,2396 627,2397 625,2397 624,2399 622,2397 582,2397 581,2396 574,2396 573,2396 381,2399 380,2400 379,2400 378,2401 278,2403 277,2402 275,2402 274,2401 271,2401 270,2400 269,2400 266,2398 265,2398 262,2395 262,2393 261,2392 261,2383 260,2382 260,2379 259,2378 259,2374 258,2374 185,2375 185,2375 185,2374 185,2373 259,2372 260,2371 260,2369 260,2368 260,2359 262,2357 262,2356 263,2355 263,2332 264,2331 264,2330 265,2329 269,2328 270,2327 271,2328 273,2328 274,2329 274,2331 275,2332 275,2334 276,2335 407,2333 412,2328 412,2327 412,2327 539,2324 544,2319 545,2319 547,2317 550,2317 551,2316 552,2316 553,2315 554,2315 555,2314 604,2313 605,2312 606,2312 607,2313 630,2312 631,2313 633,2313 634,2314 635,2314 636,2315 638,2315 640,2317 642,2317 644,2319 727,2317 729,2319 965,2315 968,2312 968,2311 969,2310 972,2310 975,2307 1029,2306 1029,2306 1029,2307 1030,2308 1031,2307 1032,2309 1033,2329 1033,2329 1118,2328 1121,2331 1163,2330 1164,2330 1164,2332 1168,2336 1306,2333 1307,2331 1340,2330 1341,2329 1342,2329 1344,2327 1346,2327 1349,2324 1350,2324 1352,2322 1353,2322 1354,2321 1355,2321 1356,2320 1357,2320 1358,2319 1365,2319 1366,2318 1368,2318 1371,2320 1371,2321 1371,2322 1510,2319 1511,2320 1685,2317 1687,2315 1750,2313 1752,2311 1817,2310 1818,2310 1818,2303 1819,2301 1820,2301 1820,2300 1820,2299 1822,2297 1822,2296 1824,2294 1824,2293 1826,2292 1830,2292 1831,2291 1832,2291 1833,2292 1943,2290 1943,2290 1943,2299 1944,2300 1943,2301 1944,2351 1943,2352 1944,2396 1944,2397"/>
        <TextEquiv index="0">
          <Unicode>da oder Wied / der Anno 1546. wegen verän⸗</Unicode>
        </TextEquiv>
        <TextEquiv index="1">
          <Unicode>da oder Wied / der Anno 1546. wegen verän⸗</Unicode>
        </TextEquiv>
      </TextLine>
      <TextLine id="l70">
        <Coords points="936,2518 935,2517 932,2517 928,2514 925,2514 923,2512 923,2510 922,2509 922,2500 922,2500 897,2500 896,2500 896,2499 896,2498 742,2501 741,2502 693,2503 692,2504 692,2506 692,2506 691,2506 689,2508 689,2510 688,2511 688,2514 687,2515 687,2516 687,2516 686,2516 685,2518 685,2520 684,2520 682,2520 680,2522 678,2522 677,2523 676,2523 662,2523 660,2521 657,2521 656,2520 653,2520 653,2519 652,2515 651,2514 651,2505 651,2505 449,2509 448,2510 447,2510 446,2511 445,2511 443,2509 418,2510 417,2509 279,2511 278,2512 276,2510 275,2510 274,2509 273,2509 272,2508 270,2508 269,2508 268,2508 267,2507 266,2507 265,2506 263,2506 260,2503 260,2502 259,2501 259,2493 261,2491 260,2445 264,2441 264,2440 265,2439 271,2438 273,2440 273,2442 274,2443 274,2444 274,2444 276,2444 279,2446 483,2442 485,2441 485,2440 486,2439 486,2438 487,2437 487,2436 496,2426 499,2426 500,2425 501,2425 502,2424 503,2424 504,2423 505,2423 506,2422 513,2422 515,2424 548,2423 549,2423 549,2424 550,2425 550,2428 550,2429 717,2426 720,2428 720,2430 721,2431 721,2443 722,2444 882,2440 882,2440 882,2432 882,2431 884,2431 887,2429 887,2428 887,2427 888,2427 890,2426 890,2425 891,2423 892,2423 893,2423 893,2422 893,2421 894,2421 895,2420 1030,2418 1031,2418 1031,2419 1031,2420 1032,2419 1035,2422 1036,2422 1039,2425 1039,2433 1039,2433 1085,2432 1086,2433 1132,2433 1133,2433 1133,2434 1133,2435 1179,2434 1181,2435 1181,2437 1182,2438 1317,2435 1317,2434 1317,2431 1318,2430 1318,2427 1320,2425 1320,2424 1321,2423 1321,2422 1321,2422 1323,2422 1324,2423 1325,2423 1329,2427 1332,2427 1334,2429 1335,2429 1336,2430 1491,2426 1493,2425 1493,2424 1496,2420 1498,2420 1501,2423 1501,2430 1501,2430 1632,2428 1633,2427 1633,2421 1634,2420 1634,2419 1635,2418 1636,2418 1638,2416 1638,2415 1638,2415 1710,2413 1712,2411 1713,2411 1714,2410 1718,2410 1719,2409 1720,2409 1722,2407 1723,2407 1724,2406 1736,2406 1737,2405 1738,2406 1741,2406 1742,2407 1773,2406 1774,2406 1774,2422 1774,2423 1936,2420 1937,2419 1937,2417 1938,2416 1938,2403 1938,2402 1938,2397 1939,2397 1944,2397 1944,2397 1944,2400 1943,2401 1943,2402 1943,2403 1943,2452 1942,2454 1942,2472 1941,2473 1941,2494 1940,2495 1940,2496 1940,2497 1935,2497 1934,2496 1934,2486 1934,2486 1918,2486 1917,2486 1917,2483 1917,2482 1772,2485 1770,2487 1770,2488 1770,2488 1764,2488 1762,2490 1762,2491 1762,2491 1761,2491 1760,2490 1734,2491 1731,2488 1729,2488 1727,2486 1616,2488 1615,2487 1473,2490 1470,2493 1468,2491 1468,2490 1468,2490 1429,2491 1428,2490 1427,2490 1426,2489 1426,2488 1426,2488 1401,2488 1400,2487 1256,2490 1255,2491 1252,2491 1251,2492 1207,2493 1205,2495 1203,2495 1202,2496 1096,2498 1095,2499 1095,2509 1095,2509 1093,2509 1092,2510 1088,2510 1087,2509 1085,2509 1084,2508 956,2511 955,2512 955,2513 954,2514 953,2514 952,2515 951,2515 950,2516 949,2516 948,2517 945,2517 944,2518"/>
        <TextEquiv index="0">
          <Unicode>derter Religion abgeſetzt worden / und Anno</Unicode>
        </TextEquiv>
        <TextEquiv index="1">
          <Unicode>derter Religion abgeſetzt worden / und Anno</Unicode>
        </TextEquiv>
      </TextLine>
      <TextLine id="l71">
        <Coords points="1929,2616 1929,2615 1928,2594 1928,2594 1674,2599 1673,2599 1673,2600 1672,2601 1672,2607 1671,2609 1670,2609 1668,2611 1647,2611 1646,2612 1575,2614 1575,2614 1575,2615 1574,2616 1571,2616 1570,2617 1566,2617 1564,2615 1458,2617 1457,2616 1456,2605 1456,2604 1326,2607 1325,2606 1320,2606 1319,2605 1316,2605 1315,2604 1312,2604 1311,2603 986,2609 985,2610 985,2615 984,2616 985,2623 984,2624 984,2626 982,2628 981,2627 974,2627 972,2625 885,2626 884,2625 880,2626 879,2625 873,2625 873,2624 873,2622 872,2622 570,2628 570,2628 570,2629 569,2630 567,2630 567,2629 566,2615 566,2615 439,2617 438,2618 439,2638 438,2638 437,2637 349,2639 348,2638 304,2639 303,2638 299,2638 298,2636 297,2615 297,2615 265,2616 264,2615 263,2615 261,2613 261,2612 260,2611 260,2609 261,2608 260,2572 262,2570 262,2569 264,2568 265,2568 266,2567 267,2568 274,2567 275,2568 474,2564 474,2564 474,2549 477,2546 477,2545 478,2544 478,2543 478,2542 483,2542 484,2543 484,2549 485,2549 488,2549 488,2550 488,2551 490,2552 494,2552 495,2553 496,2553 498,2555 499,2555 500,2556 544,2555 545,2556 563,2556 564,2557 746,2553 746,2553 746,2546 747,2545 747,2538 749,2536 749,2535 749,2534 753,2534 754,2533 754,2532 756,2530 759,2527 760,2527 761,2526 776,2526 777,2527 813,2526 815,2528 817,2528 819,2530 1005,2526 1010,2531 1082,2530 1083,2530 1083,2531 1083,2532 1293,2527 1295,2526 1295,2524 1297,2522 1297,2521 1298,2519 1299,2519 1301,2517 1302,2517 1305,2514 1307,2514 1308,2513 1311,2513 1312,2512 1313,2512 1314,2513 1335,2513 1337,2514 1337,2515 1337,2516 1475,2513 1476,2514 1479,2514 1480,2515 1683,2511 1685,2509 1686,2509 1687,2510 1693,2510 1694,2511 1933,2506 1934,2505 1933,2501 1934,2500 1934,2498 1936,2497 1940,2497 1940,2497 1942,2591 1944,2593 1945,2593 1945,2593 1945,2606 1945,2607 1945,2609 1943,2611 1935,2611 1935,2611 1935,2615 1934,2616"/>
        <TextEquiv index="0">
          <Unicode>1552. den 15. Auguſti in der Grafſchafft We⸗</Unicode>
        </TextEquiv>
        <TextEquiv index="1">
          <Unicode>1552. den 15. Auguſti in der Grafſchafft We⸗</Unicode>
        </TextEquiv>
      </TextLine>
      <TextLine id="l72">
        <Coords points="787,2738 786,2737 782,2737 781,2736 780,2736 777,2733 777,2732 776,2732 557,2736 557,2735 557,2725 556,2725 273,2730 273,2730 273,2728 272,2727 271,2727 269,2726 268,2726 267,2725 265,2725 260,2720 260,2705 259,2704 259,2686 259,2685 260,2684 259,2663 262,2661 263,2661 266,2658 269,2658 270,2656 270,2655 271,2654 546,2649 546,2649 546,2647 547,2645 553,2645 554,2644 554,2643 555,2642 588,2641 589,2640 624,2640 625,2641 626,2641 627,2641 640,2641 641,2642 642,2642 643,2643 885,2638 886,2639 1928,2619 1929,2618 1929,2616 1929,2616 1934,2616 1935,2616 1935,2623 1936,2624 1937,2707 1936,2708 1937,2711 1935,2713 1324,2725 1321,2728"/>
        <TextEquiv index="0">
          <Unicode>da oder Wied geſtorben / und zu Bevern / oder</Unicode>
        </TextEquiv>
        <TextEquiv index="1">
          <Unicode>da oder Wied geſtorben / und zu Bevern / oder</Unicode>
        </TextEquiv>
      </TextLine>
      <TextLine id="l73">
        <Coords points="1598,2838 1597,2837 1595,2838 1593,2836 1589,2836 1588,2835 1295,2840 1294,2839 1240,2840 1239,2840 692,2850 691,2849 684,2849 683,2848 682,2848 680,2847 678,2848 678,2847 678,2845 677,2845 675,2845 674,2843 674,2840 673,2839 673,2831 672,2831 618,2832 617,2831 615,2831 614,2830 271,2837 270,2836 265,2836 264,2835 261,2835 259,2832 259,2827 260,2826 262,2826 262,2825 261,2761 262,2760 262,2759 264,2758 266,2758 267,2757 1489,2733 1490,2732 1929,2723 1930,2722 1930,2713 1930,2713 1935,2713 1936,2712 1937,2712 1937,2729 1938,2730 1938,2754 1939,2755 1940,2804 1939,2805 1940,2831 1939,2832"/>
        <TextEquiv index="0">
          <Unicode>Biverno begraben worden. 77. Adolphus III.</Unicode>
        </TextEquiv>
        <TextEquiv index="1">
          <Unicode>Biverno begraben worden. 77. Adolphus III.</Unicode>
        </TextEquiv>
      </TextLine>
      <TextLine id="l74">
        <Coords points="1709,2942 1705,2939 1648,2940 1647,2939 1647,2922 1646,2922 1597,2922 1597,2922 1597,2918 1596,2918 1337,2923 1337,2923 1337,2928 1334,2931 1334,2932 1333,2933 1333,2935 1332,2936 1332,2938 1331,2939 1331,2940 1326,2946 1322,2946 1321,2946 1321,2947 1320,2949 1316,2949 1315,2950 1311,2950 1309,2948 1304,2948 1303,2947 1300,2947 1294,2942 1294,2936 1293,2935 1151,2938 1151,2938 1151,2935 1150,2934 978,2938 978,2938 978,2947 975,2950 975,2951 973,2954 971,2954 970,2953 969,2953 968,2952 966,2952 965,2951 961,2951 959,2950 959,2949 956,2946 956,2940 955,2939 851,2941 850,2940 848,2940 847,2939 843,2939 842,2938 836,2938 834,2936 586,2941 586,2942 586,2943 585,2944 585,2956 584,2957 584,2960 584,2960 581,2960 580,2961 566,2962 565,2963 564,2962 564,2948 563,2948 358,2952 358,2952 358,2961 358,2962 357,2961 357,2951 356,2951 330,2951 329,2950 329,2948 328,2947 272,2949 272,2948 272,2947 270,2945 270,2944 268,2943 267,2943 265,2941 264,2941 263,2940 262,2940 262,2939 262,2938 261,2937 260,2926 258,2924 257,2924 256,2923 256,2921 257,2920 257,2912 259,2911 260,2911 260,2910 260,2905 261,2904 261,2902 262,2901 262,2900 264,2898 267,2898 270,2895 273,2894 274,2893 276,2893 278,2891 279,2891 281,2890 281,2889 281,2888 284,2888 285,2887 311,2887 312,2886 311,2869 312,2869 410,2867 411,2866 412,2866 416,2862 418,2862 421,2859 422,2859 424,2857 430,2856 431,2855 435,2855 436,2856 440,2856 441,2857 442,2857 442,2858 442,2859 443,2859 449,2859 450,2860 471,2860 472,2861 600,2858 600,2859 600,2860 602,2861 604,2861 605,2862 606,2862 607,2863 607,2864 608,2865 609,2865 610,2866 611,2882 611,2883 808,2879 810,2877 810,2876 811,2875 811,2874 812,2873 811,2872 814,2870 815,2870 816,2869 817,2869 817,2868 817,2867 818,2866 818,2865 821,2863 822,2863 823,2862 825,2862 828,2859 829,2859 831,2857 833,2856 834,2855 836,2855 837,2854 846,2854 847,2853 856,2853 857,2852 860,2852 861,2853 862,2853 863,2854 868,2854 869,2855 897,2854 897,2855 897,2858 898,2858 960,2857 961,2858 961,2859 962,2860 963,2860 964,2861 1172,2857 1174,2855 1175,2855 1179,2851 1181,2851 1182,2850 1184,2850 1185,2851 1186,2851 1187,2852 1188,2873 1188,2874 1318,2871 1320,2873 1322,2873 1323,2874 1422,2872 1424,2874 1491,2873 1492,2874 1541,2873 1542,2874 1543,2874 1544,2875 1736,2871 1738,2869 1836,2867 1837,2866 1838,2866 1841,2863 1842,2863 1843,2862 1846,2862 1848,2860 1933,2858 1933,2857 1933,2832 1933,2832 1939,2832 1940,2832 1941,2904 1942,2905 1943,2933 1942,2934 1942,2935 1941,2936 1935,2936 1935,2935 1935,2921 1934,2921 1748,2925 1748,2925 1748,2926 1745,2929 1745,2931 1744,2932 1744,2933 1740,2937 1740,2938 1739,2939 1716,2939 1714,2942"/>
        <TextEquiv index="0">
          <Unicode>ein Graf von Schauenburg anno 1547. er⸗</Unicode>
        </TextEquiv>
        <TextEquiv index="1">
          <Unicode>ein Graf von Schauenburg aunno 1547. er⸗</Unicode>
        </TextEquiv>
      </TextLine>
      <TextLine id="l75">
        <Coords points="1941,3053 1940,3052 1940,3051 1939,3050 1939,3045 1939,3045 1039,3062 1038,3064 380,3076 379,3077 378,3077 377,3077 377,3071 376,3070 376,3054 375,3054 273,3056 270,3052 270,3050 267,3048 265,3048 264,3047 263,3047 263,3046 263,3045 261,3043 261,3034 260,3033 259,3020 258,3019 258,3017 259,3016 259,3014 260,3013 260,3010 261,3010 262,3010 263,3008 263,2998 264,2997 264,2996 265,2995 266,2995 267,2994 269,2994 271,2992 365,2990 366,2989 366,2983 368,2981 375,2981 376,2979 378,2979 379,2979 378,2978 379,2977 382,2977 383,2976 1129,2962 1130,2961 1935,2945 1935,2944 1935,2939 1936,2938 1936,2936 1936,2936 1941,2936 1942,2936 1942,2940 1943,2941 1943,2956 1944,2957 1946,3046 1947,3047 1946,3048 1946,3052 1946,3053"/>
        <TextEquiv index="0">
          <Unicode>wehlt / und anno 56. geſtorben; ſo der letzte Bi⸗</Unicode>
        </TextEquiv>
        <TextEquiv index="1">
          <Unicode>wehlt / und anno 56. geſtorben; ſo der letzte Bi⸗</Unicode>
        </TextEquiv>
      </TextLine>
      <TextLine id="l76">
        <Coords points="1942,3160 1941,3159 1941,3157 1941,3157 1802,3160 1800,3158 1800,3157 1800,3157 1661,3159 1658,3162 1470,3166 1469,3165 1468,3165 1466,3164 1466,3147 1465,3146 1273,3150 1272,3151 1270,3151 1269,3151 1269,3152 1268,3154 1268,3155 1267,3156 1266,3156 1265,3157 1261,3157 1260,3158 1260,3160 1258,3162 1257,3162 1255,3161 1255,3152 1255,3151 1150,3153 1149,3152 1105,3153 1104,3152 1101,3152 1100,3151 1099,3151 1098,3150 876,3155 875,3156 817,3157 816,3157 816,3171 816,3172 794,3172 792,3174 792,3175 791,3176 789,3176 788,3177 785,3177 783,3176 783,3169 783,3169 682,3171 679,3168 679,3165 678,3164 678,3156 678,3156 533,3158 532,3159 532,3160 531,3161 531,3165 530,3166 530,3167 529,3168 529,3170 529,3171 528,3171 527,3171 527,3172 524,3176 523,3176 522,3177 519,3177 518,3178 508,3178 507,3179 506,3179 505,3178 502,3178 501,3177 274,3182 273,3183 266,3183 265,3182 264,3182 262,3180 262,3173 261,3172 261,3156 260,3155 260,3154 259,3153 259,3146 258,3146 256,3146 256,3145 256,3145 257,3145 258,3144 258,3141 259,3140 258,3132 259,3131 259,3101 260,3100 260,3098 262,3096 262,3094 264,3092 264,3091 266,3089 267,3089 268,3088 268,3087 269,3086 271,3086 273,3084 275,3083 276,3082 309,3082 310,3081 314,3081 316,3079 317,3079 317,3079 317,3080 318,3081 462,3078 463,3077 467,3077 467,3076 467,3075 468,3075 470,3075 471,3074 472,3074 473,3073 476,3073 477,3074 480,3073 481,3074 485,3074 486,3076 486,3077 487,3078 488,3099 488,3099 519,3099 520,3100 677,3097 678,3096 678,3088 679,3087 679,3084 680,3083 682,3082 684,3080 685,3080 687,3078 688,3078 689,3077 692,3077 693,3076 696,3076 697,3075 700,3075 701,3076 702,3076 702,3077 703,3078 704,3079 704,3084 704,3084 1070,3077 1071,3076 1070,3073 1074,3070 1076,3070 1077,3069 1081,3069 1082,3068 1132,3067 1133,3068 1153,3067 1154,3068 1280,3066 1280,3066 1281,3087 1281,3088 1513,3083 1514,3083 1514,3080 1515,3079 1515,3077 1516,3076 1516,3075 1516,3074 1517,3074 1519,3073 1519,3071 1520,3069 1521,3069 1521,3069 1521,3067 1523,3065 1524,3065 1526,3063 1527,3063 1528,3062 1529,3062 1530,3061 1532,3061 1533,3060 1534,3060 1535,3061 1536,3061 1538,3063 1539,3063 1540,3064 1542,3064 1542,3064 1542,3065 1543,3066 1545,3066 1545,3066 1545,3067 1546,3068 1547,3085 1547,3086 1780,3081 1781,3080 1780,3063 1781,3063 1798,3063 1800,3061 1801,3062 1939,3059 1939,3058 1939,3057 1940,3056 1940,3053 1941,3053 1947,3053 1947,3053 1947,3064 1947,3065 1948,3159 1948,3160"/>
        <TextEquiv index="0">
          <Unicode>ſchoff geweſen / der die Weihe empfangen hat.</Unicode>
        </TextEquiv>
        <TextEquiv index="1">
          <Unicode>ſchoff geweſen / der die Weihe empfangen hat.</Unicode>
        </TextEquiv>
      </TextLine>
      <TextLine id="l77">
        <Coords points="1941,3274 1941,3273 1940,3265 1940,3265 1736,3269 1735,3270 1729,3270 1728,3271 1726,3271 1725,3270 1715,3270 1713,3269 1713,3268 1713,3267 1712,3267 1711,3267 1711,3262 1710,3261 1710,3251 1710,3250 1568,3253 1567,3252 1405,3255 1404,3256 1405,3280 1404,3280 1398,3280 1398,3280 1397,3274 1397,3273 1386,3274 1384,3272 1379,3272 1377,3270 1377,3260 1377,3260 1266,3262 1265,3261 1263,3261 1262,3260 1261,3260 1260,3259 1257,3259 1256,3258 1196,3259 1195,3258 1032,3262 1031,3262 1031,3276 1027,3281 1026,3281 1025,3280 1024,3280 1024,3279 1023,3267 1023,3267 821,3271 819,3273 818,3273 817,3274 816,3274 815,3275 754,3276 752,3278 750,3277 750,3261 750,3260 741,3260 740,3260 740,3259 740,3258 474,3264 471,3266 471,3267 469,3269 469,3270 469,3271 387,3272 385,3274 385,3276 383,3278 281,3280 280,3281 279,3281 278,3282 278,3283 276,3286 276,3288 275,3289 274,3289 272,3291 271,3291 270,3292 266,3292 265,3290 264,3238 263,3238 256,3238 256,3237 256,3236 256,3236 261,3236 262,3235 261,3228 262,3228 264,3228 264,3227 264,3225 265,3224 265,3223 266,3223 267,3223 268,3222 270,3222 271,3221 325,3220 325,3219 325,3214 326,3213 326,3209 327,3209 328,3208 328,3208 328,3206 330,3203 332,3203 333,3202 334,3202 335,3201 342,3201 343,3200 443,3198 445,3197 445,3196 445,3195 447,3195 448,3194 449,3194 450,3194 450,3193 450,3192 452,3192 455,3194 455,3196 456,3197 456,3198 457,3199 457,3203 458,3204 458,3208 459,3209 459,3211 460,3212 558,3210 558,3210 558,3212 559,3213 686,3210 686,3210 686,3194 687,3193 687,3191 688,3189 689,3189 690,3188 691,3189 693,3189 695,3191 859,3188 862,3185 863,3185 864,3184 865,3184 867,3182 867,3181 867,3181 870,3181 872,3179 873,3179 874,3178 883,3178 884,3177 887,3176 888,3177 902,3177 905,3180 905,3181 905,3181 1043,3178 1044,3179 1049,3179 1051,3181 1055,3181 1057,3183 1057,3202 1058,3202 1225,3199 1226,3198 1226,3197 1227,3196 1228,3196 1229,3195 1229,3194 1230,3193 1230,3192 1232,3190 1232,3189 1236,3185 1237,3185 1239,3183 1240,3183 1241,3182 1243,3181 1245,3179 1249,3179 1253,3175 1255,3175 1256,3174 1262,3174 1263,3173 1264,3173 1265,3172 1272,3172 1273,3173 1274,3173 1275,3174 1278,3174 1279,3175 1284,3175 1285,3176 1311,3175 1312,3176 1375,3175 1376,3176 1378,3176 1381,3178 1381,3180 1382,3181 1382,3182 1383,3183 1383,3195 1383,3196 1582,3192 1583,3191 1583,3182 1583,3182 1585,3182 1587,3180 1587,3179 1589,3177 1589,3176 1589,3176 1590,3176 1591,3175 1592,3175 1594,3173 1595,3173 1597,3171 1598,3172 1600,3171 1602,3173 1604,3173 1606,3175 1606,3191 1606,3191 1782,3188 1783,3187 1783,3182 1783,3182 1809,3181 1810,3181 1810,3179 1813,3175 1894,3174 1896,3172 1896,3171 1896,3171 1897,3171 1900,3168 1905,3168 1906,3166 1940,3166 1940,3165 1940,3163 1941,3162 1941,3160 1942,3160 1948,3160 1948,3160 1948,3166 1948,3167 1948,3217 1948,3218 1948,3268 1948,3269 1948,3273 1947,3274"/>
        <TextEquiv index="0">
          <Unicode>78. Antonius, Graf von Schauenburg / deß</Unicode>
        </TextEquiv>
        <TextEquiv index="1">
          <Unicode>78. Antonius, Graf von Schauenburg / deß</Unicode>
        </TextEquiv>
      </TextLine>
      <TextLine id="l78">
        <Coords points="1937,3385 1937,3384 1937,3375 1936,3374 1935,3370 1935,3370 1887,3371 1886,3370 1886,3368 1885,3367 1885,3357 1885,3357 1821,3358 1820,3358 1820,3357 1820,3356 1727,3358 1725,3360 1725,3363 1725,3363 1724,3363 1720,3367 1720,3368 1717,3371 1717,3372 1717,3372 1715,3372 1711,3376 1710,3376 1709,3377 1707,3377 1705,3379 1694,3380 1693,3381 1667,3381 1667,3382 1667,3383 1666,3383 1663,3380 1663,3378 1664,3377 1664,3376 1665,3375 1665,3374 1665,3373 1666,3373 1667,3372 1667,3371 1669,3369 1670,3369 1671,3368 1671,3365 1671,3364 1594,3366 1593,3366 1593,3367 1592,3369 1587,3369 1586,3370 1585,3369 1582,3369 1581,3368 1580,3368 1579,3367 1577,3367 1575,3365 1574,3365 1571,3363 1571,3362 1570,3360 1481,3362 1480,3362 1480,3363 1479,3365 1477,3365 1475,3363 1423,3364 1422,3363 1379,3364 1378,3363 1376,3363 1373,3360 1370,3360 1368,3359 1368,3358 1367,3356 1315,3357 1313,3359 1312,3359 1311,3360 1308,3360 1307,3361 1301,3361 1300,3362 1267,3363 1266,3364 1266,3369 1265,3370 1265,3372 1264,3373 1264,3374 1256,3382 1252,3382 1251,3383 1248,3383 1247,3382 1246,3360 1246,3359 1201,3360 1200,3361 1195,3361 1194,3363 1193,3363 1192,3362 1113,3363 1111,3365 1109,3363 1057,3364 1056,3365 1051,3365 1049,3363 979,3365 976,3367 976,3368 974,3371 972,3371 971,3372 968,3372 967,3373 942,3373 941,3374 941,3379 940,3380 941,3385 940,3386 940,3389 938,3391 937,3390 932,3390 932,3389 932,3387 931,3386 930,3377 930,3377 881,3378 879,3376 877,3376 876,3375 876,3373 876,3373 816,3374 815,3375 813,3375 812,3376 810,3376 808,3375 808,3374 807,3372 779,3373 743,3373 741,3375 714,3376 713,3377 711,3375 640,3376 639,3377 633,3378 632,3377 626,3377 625,3376 620,3376 619,3375 619,3374 613,3368 546,3369 542,3373 542,3374 542,3374 541,3374 540,3375 540,3376 540,3376 537,3376 536,3377 536,3378 535,3379 534,3379 532,3378 462,3379 461,3379 461,3381 461,3382 460,3382 459,3382 459,3383 453,3391 453,3392 448,3396 447,3396 446,3397 439,3397 438,3398 432,3398 431,3397 429,3398 428,3397 427,3397 426,3396 425,3396 425,3395 425,3394 421,3390 420,3379 420,3379 402,3379 401,3378 332,3379 330,3381 321,3382 320,3382 321,3396 320,3397 320,3396 319,3381 319,3381 264,3382 263,3382 264,3388 263,3389 263,3388 262,3373 261,3372 261,3364 261,3364 258,3364 257,3363 257,3361 258,3360 259,3360 260,3359 260,3337 260,3336 260,3335 261,3334 261,3332 266,3327 266,3326 267,3326 268,3326 269,3324 269,3323 270,3323 271,3323 272,3322 273,3322 274,3321 278,3324 298,3324 300,3326 361,3325 364,3322 365,3322 366,3321 409,3320 409,3319 409,3310 410,3309 410,3308 411,3307 411,3305 411,3305 412,3305 413,3305 413,3306 414,3307 414,3308 415,3309 415,3321 416,3322 571,3319 571,3318 571,3312 574,3310 575,3310 576,3308 576,3307 578,3305 578,3304 579,3303 579,3302 580,3301 581,3301 582,3299 586,3299 587,3298 589,3298 590,3297 591,3297 592,3296 602,3296 604,3298 610,3298 611,3299 612,3299 615,3302 670,3301 671,3300 671,3293 672,3292 673,3292 675,3293 675,3314 676,3315 679,3315 680,3316 680,3319 681,3320 754,3318 754,3318 754,3313 755,3312 755,3309 756,3308 756,3305 757,3303 759,3303 760,3303 760,3301 760,3300 765,3300 766,3300 766,3305 769,3308 770,3308 772,3310 777,3310 780,3313 782,3313 784,3315 784,3316 786,3318 838,3316 839,3315 841,3315 842,3316 901,3315 903,3313 904,3313 904,3313 904,3308 905,3307 905,3306 906,3305 934,3305 934,3304 934,3303 935,3302 935,3301 936,3300 937,3300 939,3298 939,3297 940,3295 941,3295 942,3294 944,3294 945,3294 945,3293 946,3291 950,3291 951,3292 958,3292 959,3293 960,3293 961,3294 961,3295 963,3297 963,3315 964,3315 982,3315 982,3315 982,3317 984,3319 1036,3318 1038,3316 1127,3314 1128,3313 1129,3313 1129,3313 1129,3314 1130,3315 1149,3314 1150,3315 1153,3315 1154,3316 1189,3316 1190,3317 1199,3316 1200,3317 1202,3317 1203,3318 1205,3318 1207,3320 1287,3319 1287,3318 1287,3302 1288,3301 1288,3300 1290,3298 1290,3297 1293,3294 1307,3293 1308,3293 1308,3292 1308,3291 1314,3291 1315,3292 1316,3292 1317,3293 1373,3292 1374,3292 1374,3295 1374,3296 1376,3296 1378,3298 1380,3298 1384,3301 1387,3301 1389,3303 1391,3303 1394,3306 1404,3305 1404,3305 1404,3281 1404,3280 1405,3281 1405,3305 1406,3305 1436,3305 1437,3306 1454,3305 1455,3306 1476,3306 1477,3307 1479,3307 1480,3308 1481,3308 1481,3308 1481,3309 1483,3311 1484,3311 1485,3312 1567,3310 1567,3310 1567,3301 1569,3299 1569,3298 1574,3292 1575,3292 1577,3290 1578,3290 1579,3289 1582,3289 1583,3288 1585,3288 1586,3287 1587,3288 1588,3288 1589,3289 1590,3289 1591,3290 1595,3290 1597,3291 1597,3292 1601,3296 1601,3297 1603,3299 1603,3300 1604,3301 1604,3304 1605,3305 1605,3309 1606,3310 1607,3339 1607,3339 1628,3339 1630,3340 1630,3341 1631,3343 1633,3343 1634,3344 1635,3344 1638,3346 1638,3347 1640,3349 1640,3351 1639,3352 1639,3353 1637,3355 1637,3357 1637,3358 1636,3358 1633,3360 1633,3361 1631,3363 1632,3364 1671,3363 1671,3363 1670,3289 1671,3288 1671,3287 1673,3285 1673,3284 1677,3279 1683,3279 1684,3278 1685,3278 1686,3279 1700,3279 1705,3283 1705,3284 1706,3285 1727,3285 1728,3286 1728,3296 1728,3296 1730,3296 1732,3297 1733,3297 1734,3298 1734,3301 1735,3302 1778,3301 1780,3303 1843,3302 1846,3299 1851,3299 1851,3298 1851,3284 1852,3283 1852,3282 1852,3282 1853,3282 1854,3282 1854,3283 1854,3284 1921,3282 1922,3281 1939,3281 1941,3279 1941,3274 1941,3274 1947,3274 1948,3274 1948,3289 1947,3290 1947,3318 1946,3320 1946,3344 1945,3345 1945,3369 1944,3370 1945,3372 1944,3373 1944,3384 1943,3385"/>
        <TextEquiv index="0">
          <Unicode>vorigen Bruder / ſo anno 58. den 18. Junii /</Unicode>
        </TextEquiv>
        <TextEquiv index="1">
          <Unicode>vorigen Bruder / ſo anno 58. den 18. Junii /</Unicode>
        </TextEquiv>
      </TextLine>
      <TextLine id="l79">
        <Coords points="1936,3488 1936,3487 1935,3460 1935,3460 1726,3464 1725,3465 1677,3466 1676,3467 1676,3470 1675,3471 1675,3473 1673,3475 1674,3476 1672,3478 1672,3481 1670,3483 1670,3485 1662,3492 1652,3493 1652,3492 1652,3491 1651,3491 1650,3491 1647,3488 1533,3490 1531,3488 1528,3488 1528,3487 1528,3477 1527,3477 1483,3478 1479,3474 1366,3476 1365,3475 1228,3478 1226,3480 1226,3485 1225,3486 1225,3487 1224,3488 1224,3490 1223,3491 1223,3494 1222,3495 1156,3496 1155,3497 1154,3497 1153,3498 1143,3499 1142,3498 1072,3499 1072,3499 1072,3502 1071,3503 1071,3502 1071,3495 1067,3492 1066,3492 1065,3491 1064,3481 1064,3480 749,3486 748,3487 745,3487 744,3488 652,3490 652,3491 652,3493 649,3495 644,3495 644,3496 644,3503 643,3503 636,3503 636,3503 636,3500 635,3499 541,3501 541,3501 541,3500 540,3499 538,3499 537,3498 535,3498 534,3497 534,3489 533,3488 430,3491 429,3490 425,3490 424,3489 416,3489 415,3488 326,3490 326,3490 326,3503 325,3504 324,3504 324,3503 324,3490 323,3490 276,3491 275,3492 274,3492 274,3492 274,3493 273,3494 271,3494 270,3495 269,3495 268,3494 267,3494 266,3492 266,3490 264,3489 263,3489 262,3488 262,3486 261,3485 261,3441 262,3440 262,3439 264,3437 265,3437 266,3436 269,3436 270,3435 271,3435 275,3431 277,3431 277,3430 277,3422 278,3421 278,3420 279,3419 279,3417 281,3415 282,3415 283,3414 405,3412 405,3411 407,3411 411,3407 414,3407 415,3406 418,3406 419,3405 420,3405 421,3406 428,3406 429,3407 430,3406 431,3407 473,3407 474,3408 658,3404 659,3403 717,3402 719,3400 720,3400 721,3399 727,3399 728,3398 730,3398 731,3397 732,3397 733,3398 752,3397 753,3398 753,3402 753,3402 772,3402 774,3403 774,3405 775,3406 775,3407 777,3409 778,3409 778,3409 778,3410 779,3411 779,3414 780,3415 958,3411 964,3404 965,3404 966,3403 966,3402 969,3399 970,3399 971,3398 976,3398 977,3399 979,3399 980,3400 981,3400 982,3400 982,3418 983,3419 1221,3414 1221,3413 1221,3410 1222,3409 1222,3408 1227,3403 1228,3403 1230,3401 1231,3401 1233,3399 1235,3399 1236,3398 1239,3398 1242,3395 1243,3395 1244,3395 1244,3396 1244,3397 1369,3394 1371,3396 1371,3398 1372,3399 1372,3415 1373,3415 1374,3415 1375,3416 1414,3415 1415,3416 1438,3416 1438,3416 1438,3417 1439,3418 1462,3417 1463,3419 1463,3421 1464,3421 1654,3417 1654,3417 1654,3392 1654,3391 1754,3390 1755,3388 1756,3388 1758,3386 1759,3386 1760,3387 1763,3387 1764,3388 1764,3415 1765,3415 1936,3412 1936,3411 1936,3396 1937,3395 1937,3385 1937,3385 1943,3385 1944,3385 1944,3392 1943,3393 1943,3416 1942,3417 1943,3471 1942,3472 1943,3487 1942,3488"/>
        <TextEquiv index="0">
          <Unicode>im Schloß Godesberg geſtorben. 79. Johan</Unicode>
        </TextEquiv>
        <TextEquiv index="1">
          <Unicode>im Schloß Godesberg geſtorben. 79. Johan</Unicode>
        </TextEquiv>
      </TextLine>
      <TextLine id="l80">
        <Coords points="1707,3601 1707,3601 1707,3584 1706,3583 1691,3584 1691,3584 1691,3585 1690,3586 1690,3597 1688,3599 1687,3599 1686,3600 1685,3600 1682,3596 1682,3583 1681,3583 1520,3586 1520,3586 1520,3584 1518,3582 1477,3583 1475,3581 1221,3586 1221,3587 1221,3598 1220,3599 1220,3603 1217,3605 1216,3605 1215,3606 1214,3605 1212,3605 1212,3605 1212,3603 1211,3602 1211,3601 1210,3600 1210,3593 1209,3592 1082,3595 1081,3594 1077,3594 1076,3593 1069,3593 1068,3592 1067,3592 1066,3591 1064,3591 1063,3590 1061,3590 1060,3589 878,3593 876,3595 874,3595 873,3596 872,3596 871,3594 871,3592 870,3591 870,3586 869,3586 756,3588 755,3587 744,3587 743,3586 710,3587 709,3586 641,3587 640,3586 631,3587 630,3586 459,3589 459,3589 459,3591 457,3593 455,3593 455,3593 455,3592 454,3591 393,3592 393,3593 393,3616 393,3616 392,3616 392,3593 391,3592 265,3595 264,3594 263,3594 263,3593 262,3562 261,3562 253,3562 253,3562 253,3558 253,3557 254,3557 255,3556 255,3554 256,3553 263,3553 264,3552 264,3551 265,3550 265,3549 268,3546 274,3546 276,3544 324,3543 325,3542 324,3537 325,3537 330,3536 330,3536 330,3529 331,3528 428,3527 429,3526 430,3526 436,3519 437,3519 438,3518 440,3518 442,3516 444,3516 445,3515 448,3515 450,3513 546,3511 548,3512 601,3511 603,3512 607,3512 608,3513 763,3510 764,3511 765,3511 766,3512 767,3512 767,3512 768,3536 768,3537 928,3534 929,3533 932,3533 934,3531 957,3530 957,3530 957,3521 958,3520 958,3519 963,3514 1049,3512 1051,3510 1053,3510 1055,3508 1056,3508 1057,3507 1059,3507 1059,3506 1060,3506 1062,3504 1065,3504 1066,3503 1072,3503 1073,3504 1088,3504 1089,3504 1089,3505 1089,3506 1237,3503 1238,3504 1241,3504 1242,3505 1244,3505 1245,3505 1245,3506 1248,3509 1248,3526 1249,3526 1426,3523 1427,3521 1427,3517 1428,3516 1428,3514 1429,3513 1429,3510 1431,3508 1431,3507 1433,3505 1433,3504 1434,3503 1435,3503 1439,3499 1445,3499 1446,3498 1467,3497 1468,3496 1469,3496 1470,3495 1471,3495 1472,3494 1474,3494 1475,3493 1487,3493 1488,3492 1490,3492 1492,3493 1492,3495 1492,3496 1493,3496 1495,3497 1495,3498 1498,3502 1521,3501 1522,3502 1525,3502 1527,3503 1529,3503 1529,3503 1529,3504 1531,3506 1696,3503 1697,3502 1698,3502 1699,3500 1699,3499 1700,3498 1702,3498 1703,3499 1708,3498 1709,3499 1712,3499 1715,3501 1716,3501 1717,3503 1717,3506 1718,3506 1936,3502 1936,3501 1936,3488 1936,3488 1942,3488 1943,3488 1943,3506 1944,3507 1944,3509 1943,3510 1944,3572 1943,3573 1944,3577 1943,3578 1943,3588 1942,3589 1937,3589 1937,3588 1937,3579 1936,3579 1709,3583 1709,3584 1709,3601 1708,3601"/>
        <TextEquiv index="0">
          <Unicode>nes Gebhardus, ein Graf von Mausfeld / θ.</Unicode>
        </TextEquiv>
        <TextEquiv index="1">
          <Unicode>nes Gebhardus, ein Graf von Mansfeld / .</Unicode>
        </TextEquiv>
      </TextLine>
      <TextLine id="l81">
        <Coords points="1946,3713 1945,3712 1945,3711 1943,3709 1943,3688 1942,3688 1828,3690 1827,3689 1717,3691 1717,3691 1717,3689 1716,3688 1548,3692 1548,3692 1548,3705 1546,3708 1540,3708 1538,3706 1538,3694 1537,3694 1405,3696 1404,3697 1399,3698 1397,3696 1396,3696 1395,3695 1394,3695 1393,3694 1391,3694 1390,3693 1389,3693 1388,3692 1250,3694 1250,3694 1250,3692 1249,3691 1248,3691 1247,3691 1162,3692 1160,3690 1015,3693 1015,3694 1015,3714 1015,3714 1014,3714 1013,3714 1013,3693 1012,3692 945,3693 945,3694 945,3712 945,3712 944,3712 944,3695 943,3694 827,3697 826,3696 825,3696 824,3695 814,3695 813,3694 680,3697 678,3695 560,3697 559,3698 470,3700 468,3702 467,3702 466,3703 447,3703 446,3704 350,3706 350,3707 350,3708 349,3709 349,3714 348,3715 348,3716 346,3718 346,3719 342,3723 339,3723 336,3721 336,3708 335,3707 279,3709 278,3708 277,3708 275,3705 274,3689 274,3689 255,3689 254,3689 254,3686 254,3685 252,3685 251,3685 251,3683 252,3682 254,3682 254,3682 254,3679 255,3677 255,3668 256,3667 257,3667 258,3666 273,3666 274,3665 274,3661 274,3661 275,3661 276,3660 277,3660 278,3659 386,3656 388,3655 388,3654 389,3652 390,3652 392,3650 394,3650 396,3649 396,3648 399,3644 400,3644 401,3643 402,3643 403,3642 404,3642 406,3640 407,3640 409,3638 410,3638 411,3637 412,3637 413,3636 414,3637 415,3637 416,3638 417,3656 417,3657 540,3654 541,3654 540,3639 541,3638 541,3637 544,3634 544,3633 546,3631 548,3631 549,3630 550,3630 550,3630 550,3627 551,3626 552,3626 553,3627 675,3625 678,3622 680,3622 681,3621 716,3620 717,3621 833,3619 834,3620 834,3621 835,3622 835,3626 836,3627 938,3625 940,3627 941,3645 941,3646 1094,3643 1095,3642 1094,3621 1097,3618 1100,3618 1101,3617 1136,3617 1137,3616 1144,3616 1145,3617 1179,3616 1180,3617 1376,3613 1376,3612 1376,3611 1377,3610 1377,3609 1378,3609 1380,3609 1381,3608 1382,3608 1384,3606 1385,3606 1385,3605 1386,3605 1387,3604 1391,3604 1392,3603 1395,3603 1396,3604 1414,3603 1415,3604 1417,3604 1418,3605 1418,3607 1419,3607 1434,3607 1435,3608 1437,3608 1437,3608 1437,3609 1439,3611 1557,3608 1558,3607 1563,3607 1564,3606 1567,3606 1569,3608 1570,3608 1571,3609 1572,3609 1573,3610 1574,3610 1575,3612 1575,3629 1576,3629 1601,3629 1604,3631 1707,3629 1708,3629 1707,3602 1707,3601 1709,3601 1710,3602 1710,3607 1711,3607 1792,3606 1794,3604 1806,3604 1808,3605 1938,3603 1938,3602 1938,3589 1938,3589 1942,3589 1943,3589 1943,3595 1944,3596 1944,3615 1945,3616 1945,3622 1946,3623 1947,3666 1948,3667 1948,3673 1949,3674 1950,3712 1950,3713"/>
        <TextEquiv index="0">
          <Unicode>1562. 80. Fridericus IV. ein Graf von We⸗</Unicode>
        </TextEquiv>
        <TextEquiv index="1">
          <Unicode>1562. 80. Fridericus IV. ein Graf von We⸗</Unicode>
        </TextEquiv>
      </TextLine>
      <TextLine id="l82">
        <Coords points="1942,3822 1941,3821 1941,3820 1940,3819 1940,3794 1939,3794 1777,3797 1777,3798 1777,3801 1776,3802 1776,3815 1776,3815 1704,3817 1703,3818 1691,3818 1690,3817 1688,3817 1680,3810 1680,3804 1679,3803 1647,3804 1645,3801 1645,3800 1644,3799 1644,3798 1641,3796 1563,3797 1562,3796 1561,3796 1560,3795 1556,3795 1555,3794 1553,3795 1552,3794 1265,3799 1264,3800 1263,3800 1262,3801 1260,3801 1259,3802 1234,3803 1233,3804 1231,3804 1230,3805 1115,3807 1115,3808 1115,3810 1114,3811 1114,3816 1113,3817 1113,3824 1111,3826 1111,3830 1110,3831 1105,3831 1103,3830 1103,3828 1102,3827 1102,3806 1101,3805 946,3808 946,3809 946,3810 945,3811 945,3813 942,3816 942,3817 941,3818 941,3819 941,3820 940,3820 934,3826 932,3826 931,3827 930,3827 928,3829 860,3830 859,3831 858,3831 856,3833 855,3833 854,3832 853,3832 851,3831 851,3829 851,3828 749,3830 748,3829 746,3829 745,3829 745,3828 743,3826 743,3821 742,3820 742,3812 741,3811 729,3812 728,3811 523,3815 523,3815 523,3830 523,3831 522,3831 521,3832 520,3832 517,3835 505,3835 503,3833 497,3833 496,3833 496,3832 496,3831 354,3834 353,3834 353,3820 352,3819 277,3821 274,3818 274,3817 273,3817 270,3817 269,3816 267,3816 266,3815 262,3815 261,3813 261,3812 260,3811 260,3809 259,3808 259,3807 256,3805 258,3802 258,3795 259,3793 259,3786 260,3785 260,3750 264,3746 267,3746 268,3745 320,3744 321,3743 417,3741 417,3740 417,3739 419,3738 423,3738 423,3737 423,3736 424,3736 428,3736 429,3735 514,3733 514,3733 514,3735 515,3736 517,3736 517,3736 517,3738 518,3739 519,3750 519,3751 574,3750 575,3750 575,3751 576,3753 722,3750 723,3749 723,3740 723,3740 728,3740 730,3738 731,3738 731,3737 731,3736 732,3736 733,3736 735,3734 736,3734 737,3733 742,3732 743,3731 896,3728 896,3729 896,3730 897,3731 897,3733 898,3733 1121,3729 1121,3728 1121,3727 1122,3727 1123,3727 1124,3726 1128,3726 1129,3727 1129,3729 1130,3730 1130,3733 1131,3734 1252,3731 1253,3732 1255,3732 1255,3733 1256,3736 1257,3737 1260,3737 1261,3738 1263,3738 1265,3740 1267,3740 1268,3741 1269,3741 1271,3743 1272,3743 1273,3744 1276,3744 1278,3745 1278,3746 1279,3748 1356,3746 1357,3747 1357,3748 1357,3748 1559,3744 1560,3744 1560,3743 1560,3742 1562,3742 1563,3741 1564,3741 1565,3740 1566,3740 1568,3738 1570,3738 1572,3736 1575,3736 1577,3734 1594,3734 1596,3732 1595,3730 1597,3728 1597,3727 1599,3725 1599,3724 1603,3721 1606,3720 1607,3719 1610,3719 1611,3718 1612,3718 1613,3719 1616,3719 1617,3720 1621,3720 1622,3721 1624,3721 1625,3722 1626,3722 1626,3723 1627,3724 1627,3725 1629,3726 1778,3723 1780,3721 1781,3721 1782,3720 1784,3720 1786,3718 1789,3718 1790,3717 1791,3717 1792,3718 1945,3715 1945,3714 1945,3713 1946,3713 1950,3713 1950,3713 1950,3726 1949,3727 1950,3777 1950,3778 1950,3783 1949,3784 1949,3817 1948,3818 1948,3819 1947,3820 1947,3821 1947,3822"/>
        <TextEquiv index="0">
          <Unicode>da / ſo hernach reſignirt / und anno 68. geſtor⸗</Unicode>
        </TextEquiv>
        <TextEquiv index="1">
          <Unicode>da / ſo hernach reſignirt / und anno 68. geſtor⸗</Unicode>
        </TextEquiv>
      </TextLine>
      <TextLine id="l83">
        <Coords points="1946,3929 1945,3928 1945,3926 1945,3926 1866,3927 1865,3926 1860,3927 1859,3926 1857,3926 1855,3924 1852,3924 1850,3922 1850,3921 1847,3918 1847,3917 1846,3916 1846,3907 1846,3907 1630,3911 1628,3913 1628,3923 1625,3926 1573,3927 1572,3928 1567,3928 1566,3929 1563,3929 1562,3928 1561,3928 1557,3924 1538,3925 1537,3924 1537,3923 1536,3922 1536,3910 1536,3910 1340,3914 1339,3914 1339,3932 1339,3933 1333,3933 1332,3932 1331,3932 1330,3931 1192,3934 1191,3933 1191,3925 1191,3925 1106,3926 1105,3927 1103,3927 1102,3928 1100,3928 1099,3929 1098,3929 1096,3928 1096,3927 1095,3926 1095,3913 1094,3913 1020,3914 1019,3913 1005,3913 1004,3912 894,3914 893,3914 892,3914 891,3913 745,3915 744,3916 620,3919 619,3919 619,3936 618,3938 617,3937 617,3921 617,3921 515,3923 513,3925 459,3926 458,3927 458,3943 457,3944 453,3944 452,3945 450,3945 449,3945 449,3942 448,3941 448,3926 448,3925 287,3928 286,3929 284,3929 283,3931 282,3931 281,3930 280,3930 277,3927 272,3927 271,3926 263,3926 261,3924 261,3911 260,3910 260,3903 259,3902 259,3901 260,3900 259,3895 260,3894 260,3863 261,3862 261,3859 263,3857 268,3857 269,3856 269,3854 269,3854 273,3850 276,3850 277,3849 277,3848 277,3848 280,3848 281,3849 284,3848 285,3849 286,3849 287,3850 463,3847 465,3845 467,3845 468,3844 472,3844 473,3843 474,3843 475,3842 478,3842 479,3841 479,3841 479,3843 484,3847 484,3848 484,3849 676,3845 677,3844 679,3844 681,3842 768,3840 769,3839 772,3841 772,3843 773,3844 773,3864 773,3865 918,3862 919,3861 919,3851 919,3851 920,3851 921,3850 921,3849 922,3848 922,3847 923,3846 925,3847 925,3849 926,3850 926,3864 927,3865 1046,3862 1048,3860 1049,3860 1052,3857 1152,3855 1157,3851 1157,3849 1158,3848 1158,3846 1159,3845 1159,3844 1161,3842 1161,3841 1162,3840 1162,3839 1163,3837 1168,3837 1169,3836 1169,3835 1171,3833 1173,3833 1174,3832 1183,3832 1185,3830 1189,3830 1190,3829 1205,3828 1208,3831 1219,3831 1220,3832 1349,3830 1350,3831 1352,3830 1354,3832 1359,3832 1360,3833 1361,3833 1361,3834 1361,3835 1366,3839 1366,3851 1366,3851 1391,3851 1392,3852 1395,3852 1396,3853 1541,3850 1542,3849 1542,3834 1543,3832 1543,3831 1546,3829 1551,3829 1553,3827 1559,3826 1560,3825 1576,3825 1577,3826 1578,3826 1580,3828 1639,3827 1640,3828 1646,3828 1648,3830 1742,3828 1743,3829 1744,3829 1744,3829 1745,3849 1745,3850 1919,3846 1920,3846 1920,3845 1921,3844 1921,3842 1921,3841 1922,3841 1923,3840 1939,3840 1940,3839 1940,3829 1941,3827 1941,3822 1942,3822 1947,3822 1947,3822 1947,3824 1948,3825 1950,3903 1951,3904 1951,3928 1951,3929"/>
        <TextEquiv index="0">
          <Unicode>ben iſt. 81. Salentinus, Graf von Iſenburg /</Unicode>
        </TextEquiv>
        <TextEquiv index="1">
          <Unicode>ben iſt. 81. Salentinus, Graf von Iſenburg /</Unicode>
        </TextEquiv>
      </TextLine>
      <TextLine id="l84">
        <Coords points="1945,4042 1945,4041 1944,4014 1944,4014 1797,4017 1796,4018 1795,4018 1794,4019 1780,4019 1779,4020 1780,4038 1779,4038 1778,4038 1777,4037 1730,4038 1728,4036 1725,4036 1724,4035 1640,4037 1638,4035 1638,4030 1638,4030 1540,4032 1536,4028 1536,4024 1536,4024 1442,4026 1440,4024 1436,4024 1435,4023 1433,4023 1432,4022 1320,4024 1319,4023 1297,4024 1296,4023 1258,4023 1257,4022 1255,4022 1254,4021 1128,4024 1125,4026 1125,4027 1125,4028 1124,4028 1123,4027 1122,4027 1121,4026 992,4029 990,4030 990,4038 988,4041 987,4041 986,4042 985,4042 984,4042 985,4043 984,4044 983,4044 981,4042 981,4036 980,4035 980,4028 980,4028 850,4030 849,4031 850,4047 848,4048 847,4048 844,4051 830,4052 829,4053 827,4051 823,4051 823,4050 823,4049 822,4048 821,4031 821,4031 752,4032 751,4031 560,4035 557,4038 557,4039 555,4041 555,4043 554,4044 554,4045 554,4045 552,4045 551,4046 552,4047 551,4048 551,4049 547,4052 543,4052 541,4050 540,4034 540,4033 456,4035 455,4035 455,4032 455,4031 438,4031 437,4030 436,4031 435,4030 340,4031 339,4032 340,4056 338,4057 337,4056 336,4033 336,4032 297,4033 296,4032 270,4033 269,4032 268,4032 267,4031 265,4031 262,4028 262,4027 260,4025 260,4024 259,4023 259,4020 260,4019 260,4018 261,4017 260,3997 261,3997 262,3997 262,3996 262,3995 263,3994 263,3993 264,3993 265,3993 267,3991 268,3991 269,3990 270,3990 271,3989 272,3989 274,3987 275,3987 276,3986 278,3986 279,3985 285,3984 286,3983 316,3983 317,3982 319,3982 320,3981 321,3981 322,3982 374,3981 376,3983 500,3980 500,3980 500,3979 502,3977 506,3977 506,3977 506,3975 507,3974 508,3974 511,3970 512,3970 514,3968 517,3968 518,3967 519,3967 520,3966 520,3964 520,3964 524,3964 528,3967 528,3981 529,3982 657,3979 659,3977 662,3977 663,3976 663,3975 666,3972 667,3972 668,3971 685,3971 686,3970 687,3970 687,3969 723,3968 724,3967 815,3965 816,3965 816,3960 818,3957 821,3957 822,3956 822,3954 824,3952 824,3952 825,3952 826,3951 826,3950 826,3950 828,3950 829,3949 831,3949 832,3950 991,3947 992,3946 1005,3945 1006,3946 1006,3947 1007,3948 1007,3949 1007,3949 1127,3947 1130,3950 1251,3947 1252,3948 1253,3948 1255,3950 1255,3954 1255,3954 1257,3954 1260,3957 1262,3957 1264,3959 1268,3959 1269,3960 1271,3960 1273,3962 1274,3962 1277,3964 1406,3961 1407,3961 1407,3960 1408,3959 1408,3956 1411,3953 1411,3952 1415,3948 1415,3947 1416,3946 1416,3945 1418,3943 1418,3942 1419,3940 1420,3940 1421,3939 1424,3939 1425,3938 1427,3938 1428,3937 1455,3936 1456,3935 1465,3935 1467,3937 1470,3937 1474,3941 1474,3942 1474,3942 1661,3938 1662,3937 1664,3937 1665,3936 1704,3936 1705,3936 1705,3939 1705,3940 1739,3939 1742,3941 1742,3944 1743,3945 1743,3958 1744,3959 1887,3956 1888,3955 1888,3948 1889,3947 1890,3947 1899,3938 1901,3938 1902,3937 1904,3937 1905,3936 1944,3935 1945,3934 1944,3930 1946,3929 1951,3929 1951,3929 1950,3930 1951,3980 1950,3981 1952,4041 1951,4042"/>
        <TextEquiv index="0">
          <Unicode>anno 67. erwehlt; ſo aber das Ertzbiſtthumb</Unicode>
        </TextEquiv>
        <TextEquiv index="1">
          <Unicode>anno 67. erwehlt; ſo aber das Ertzbiſtthumb</Unicode>
        </TextEquiv>
      </TextLine>
      <TextLine id="l85">
        <Coords points="1941,4149 1940,4148 1670,4153 1670,4153 1669,4122 1669,4121 1379,4127 1376,4130 1375,4130 1374,4131 1373,4131 1372,4132 1264,4134 1262,4136 1262,4137 1261,4138 1080,4142 1079,4143 1079,4144 1077,4146 1077,4147 1076,4148 1076,4149 1075,4150 1075,4151 1073,4153 1071,4153 1069,4155 1065,4155 1064,4156 1059,4156 1058,4155 1049,4155 1048,4155 1013,4155 1012,4154 1011,4154 1011,4154 1011,4153 1010,4152 989,4153 988,4151 988,4150 987,4149 987,4145 986,4144 985,4139 985,4139 961,4139 960,4138 557,4146 555,4149 555,4151 554,4151 553,4151 553,4152 553,4153 552,4154 552,4155 550,4157 550,4159 545,4163 544,4163 543,4164 542,4164 541,4163 489,4164 487,4162 487,4160 486,4159 485,4140 485,4140 439,4140 437,4139 295,4141 294,4140 272,4141 270,4139 269,4139 268,4138 268,4137 264,4133 264,4131 263,4130 263,4128 264,4127 264,4106 268,4102 269,4102 270,4101 270,4100 271,4099 273,4099 275,4097 277,4097 278,4096 280,4096 281,4095 286,4094 287,4093 323,4093 324,4092 328,4092 328,4091 328,4087 329,4087 333,4087 333,4086 333,4084 335,4083 340,4082 340,4082 340,4076 341,4075 341,4076 341,4091 342,4091 379,4091 381,4093 401,4092 402,4093 403,4093 404,4094 636,4090 636,4089 636,4085 638,4084 643,4083 643,4083 643,4082 644,4081 646,4081 647,4080 648,4080 649,4079 718,4078 718,4077 718,4070 719,4069 719,4065 720,4064 723,4064 725,4065 725,4066 725,4067 772,4066 775,4068 775,4071 777,4073 777,4074 778,4075 780,4075 781,4076 985,4072 985,4071 985,4070 988,4067 989,4067 990,4066 990,4065 991,4064 991,4063 993,4061 997,4060 998,4060 998,4059 999,4057 1003,4057 1004,4056 1005,4056 1006,4055 1029,4055 1030,4056 1032,4056 1033,4057 1142,4055 1145,4057 1145,4058 1146,4059 1146,4071 1147,4072 1351,4068 1354,4064 1354,4063 1355,4061 1356,4061 1358,4059 1360,4059 1361,4058 1506,4055 1507,4054 1508,4054 1509,4053 1510,4053 1511,4052 1512,4052 1513,4051 1514,4051 1515,4050 1520,4050 1521,4049 1523,4049 1524,4048 1620,4046 1621,4045 1623,4045 1624,4046 1677,4045 1679,4047 1679,4049 1679,4049 1945,4044 1946,4043 1946,4042 1946,4042 1951,4042 1952,4042 1952,4082 1951,4083 1952,4093 1951,4094 1951,4132 1949,4134 1950,4148 1949,4149"/>
        <TextEquiv index="0">
          <Unicode>anno 77. wieder auffgeben. 82. Gebhardus</Unicode>
        </TextEquiv>
        <TextEquiv index="1">
          <Unicode>anno 77. wieder auffgeben. 82. Gebhardus</Unicode>
        </TextEquiv>
      </TextLine>
      <TextLine id="l86">
        <Coords points="1940,4263 1938,4262 1938,4256 1937,4255 1868,4256 1868,4256 1867,4234 1867,4233 1838,4234 1837,4233 1829,4233 1828,4232 1827,4232 1825,4230 1762,4232 1761,4231 1735,4231 1734,4230 1710,4231 1709,4230 1577,4232 1576,4233 1577,4259 1576,4259 1575,4259 1575,4259 1574,4233 1574,4232 1573,4233 1574,4263 1573,4263 1573,4263 1572,4233 1572,4232 1566,4232 1563,4235 1562,4235 1559,4239 1460,4240 1459,4239 1269,4243 1268,4244 1257,4244 1256,4246 1256,4247 1255,4248 1255,4251 1254,4252 1254,4253 1252,4255 1251,4255 1251,4255 1251,4256 1248,4259 1247,4259 1246,4260 1245,4260 1243,4262 1241,4262 1240,4263 1238,4263 1237,4262 1228,4262 1227,4261 1225,4261 1224,4260 1222,4260 1219,4257 1216,4257 1215,4256 1215,4252 1214,4251 1213,4244 1213,4243 987,4248 987,4248 987,4249 986,4250 982,4250 981,4251 976,4251 975,4250 972,4250 971,4249 704,4254 703,4255 702,4255 702,4256 702,4257 701,4258 701,4259 700,4259 699,4259 696,4262 691,4263 690,4264 690,4266 688,4268 687,4268 686,4269 685,4269 683,4271 608,4272 607,4273 601,4273 600,4274 598,4274 597,4273 596,4273 596,4273 596,4272 595,4271 593,4271 593,4271 593,4269 591,4267 591,4257 590,4257 553,4257 552,4256 416,4259 414,4257 412,4257 410,4255 342,4256 342,4257 342,4269 341,4269 334,4270 334,4269 333,4251 333,4251 262,4252 259,4250 259,4245 260,4243 259,4179 261,4177 262,4177 263,4175 381,4173 382,4172 401,4171 402,4170 403,4171 408,4171 409,4172 410,4172 411,4173 412,4173 413,4174 414,4174 415,4175 445,4174 447,4175 450,4175 453,4178 634,4175 635,4174 641,4174 641,4173 703,4171 704,4170 709,4170 711,4172 714,4172 716,4174 716,4175 717,4176 717,4181 718,4181 898,4177 899,4176 901,4176 903,4174 905,4174 905,4174 905,4173 906,4172 907,4172 907,4172 907,4170 907,4169 912,4169 913,4168 917,4168 918,4167 939,4167 941,4165 984,4164 985,4165 990,4165 991,4166 995,4166 996,4166 996,4167 998,4169 1106,4167 1107,4168 1108,4168 1111,4170 1112,4170 1113,4172 1113,4182 1114,4182 1293,4179 1294,4177 1294,4175 1297,4173 1307,4172 1307,4172 1307,4170 1309,4168 1313,4168 1313,4169 1313,4170 1314,4170 1478,4167 1485,4159 1486,4159 1487,4158 1496,4158 1497,4158 1497,4178 1498,4179 1499,4179 1500,4180 1560,4178 1560,4179 1560,4180 1561,4180 1578,4180 1580,4182 1653,4181 1653,4181 1653,4182 1654,4183 1818,4179 1818,4179 1818,4175 1819,4174 1819,4173 1820,4172 1820,4171 1821,4170 1821,4169 1822,4168 1824,4166 1825,4166 1826,4165 1827,4165 1829,4163 1833,4163 1834,4162 1835,4162 1835,4161 1939,4159 1940,4159 1940,4151 1941,4149 1949,4149 1950,4149 1950,4157 1949,4158 1949,4184 1948,4185 1949,4196 1948,4197 1948,4235 1947,4236 1948,4262 1948,4263"/>
        <TextEquiv index="0">
          <Unicode>II. Truchſeß von Walburg / der aber anno 83.</Unicode>
        </TextEquiv>
        <TextEquiv index="1">
          <Unicode>II. Truchſeß von Walburg / der aber anno 83.</Unicode>
        </TextEquiv>
      </TextLine>
      <TextLine id="l87">
        <Coords points="1941,4369 1940,4368 1830,4370 1829,4370 1829,4348 1828,4347 1771,4348 1770,4347 1602,4351 1602,4351 1602,4372 1602,4373 1601,4372 1601,4349 1600,4349 1459,4351 1459,4352 1459,4356 1458,4357 1458,4358 1457,4359 1456,4359 1456,4359 1456,4362 1454,4364 1451,4364 1450,4365 1448,4365 1446,4367 1441,4367 1440,4368 1435,4368 1434,4369 1433,4368 1430,4368 1429,4367 1427,4367 1426,4366 1424,4366 1420,4362 1419,4362 1418,4361 1418,4351 1417,4350 1355,4352 1353,4350 1352,4350 1350,4348 1323,4348 1323,4348 1323,4346 1321,4344 1144,4348 1143,4349 1116,4349 1115,4348 889,4353 889,4353 889,4367 888,4368 888,4370 887,4371 887,4372 886,4373 886,4374 884,4377 883,4377 881,4379 880,4379 878,4381 875,4381 873,4383 869,4383 868,4384 867,4384 866,4385 853,4385 852,4384 851,4384 850,4383 849,4383 846,4381 846,4380 845,4379 845,4374 844,4374 842,4374 841,4372 841,4358 840,4358 665,4361 665,4362 665,4363 664,4364 664,4365 662,4366 640,4367 640,4367 640,4380 639,4381 639,4382 638,4384 636,4384 635,4385 633,4385 631,4383 631,4381 630,4380 630,4365 629,4365 481,4368 481,4368 481,4371 480,4372 480,4374 478,4376 478,4378 474,4382 474,4385 474,4386 465,4386 463,4385 463,4384 463,4383 336,4386 335,4385 335,4380 333,4379 332,4379 332,4378 332,4365 331,4365 286,4366 285,4365 283,4365 282,4363 282,4361 281,4361 280,4361 279,4360 262,4360 262,4359 262,4358 261,4358 261,4356 261,4354 261,4317 262,4315 262,4313 266,4309 267,4309 268,4308 269,4308 270,4307 271,4307 273,4305 274,4305 278,4309 451,4305 452,4305 451,4302 452,4301 453,4301 454,4300 454,4297 455,4296 455,4294 456,4293 457,4293 457,4293 457,4291 458,4290 460,4290 463,4287 464,4287 464,4287 464,4286 467,4283 468,4283 469,4282 471,4282 472,4281 477,4281 479,4283 512,4282 512,4283 512,4284 513,4285 513,4287 516,4289 649,4286 650,4285 651,4285 654,4282 657,4282 658,4283 735,4282 736,4283 742,4283 744,4285 745,4284 746,4285 749,4285 750,4286 751,4286 752,4288 752,4289 753,4290 753,4296 754,4297 755,4304 755,4304 796,4303 797,4304 797,4306 797,4306 984,4303 985,4302 984,4283 988,4280 989,4280 990,4279 1082,4277 1083,4276 1192,4274 1192,4273 1192,4272 1194,4271 1195,4271 1196,4272 1201,4272 1202,4273 1251,4272 1253,4274 1255,4273 1257,4275 1258,4275 1258,4276 1258,4290 1259,4290 1335,4289 1335,4289 1335,4290 1336,4291 1535,4287 1535,4287 1535,4288 1536,4289 1706,4286 1706,4285 1706,4275 1707,4275 1708,4275 1709,4273 1709,4272 1710,4272 1713,4271 1714,4270 1714,4269 1715,4268 1717,4268 1720,4265 1721,4265 1722,4264 1723,4264 1725,4266 1728,4266 1728,4267 1728,4268 1729,4269 1729,4271 1730,4271 1799,4270 1800,4271 1800,4276 1801,4277 1802,4277 1804,4279 1806,4279 1808,4281 1939,4278 1939,4278 1939,4264 1940,4263 1949,4263 1949,4263 1949,4269 1948,4270 1950,4347 1949,4348 1949,4368 1949,4369"/>
        <TextEquiv index="0">
          <Unicode>vom Pabſt Gregorio XIII. wegen veränder⸗</Unicode>
        </TextEquiv>
        <TextEquiv index="1">
          <Unicode>vom Pabſt Gregorio XIII. wegen veränder⸗</Unicode>
        </TextEquiv>
      </TextLine>
      <TextLine id="l88">
        <Coords points="1944,4476 1943,4476 1943,4455 1942,4454 1708,4459 1707,4460 1707,4461 1703,4465 1703,4471 1703,4472 1701,4472 1700,4473 1699,4473 1698,4474 1694,4474 1693,4475 1691,4475 1690,4475 1690,4476 1690,4477 1685,4477 1683,4475 1676,4475 1675,4474 1674,4474 1673,4474 1669,4470 1669,4469 1667,4467 1530,4470 1529,4471 1529,4473 1528,4474 1528,4479 1528,4479 1521,4479 1520,4479 1520,4478 1519,4477 1519,4464 1518,4463 1438,4465 1437,4464 1435,4464 1434,4463 1432,4463 1431,4462 1431,4461 1430,4460 1386,4461 1385,4460 1290,4462 1289,4460 1289,4459 1288,4459 1116,4462 1115,4463 974,4466 974,4467 974,4478 974,4478 900,4479 899,4481 897,4481 896,4482 842,4483 841,4484 840,4484 839,4484 839,4485 838,4486 838,4487 838,4488 835,4488 834,4489 831,4489 828,4492 818,4492 816,4490 815,4490 814,4489 810,4489 806,4486 806,4482 805,4481 805,4476 804,4475 804,4473 803,4472 583,4477 582,4478 582,4482 579,4485 579,4486 577,4488 577,4490 577,4491 576,4491 573,4494 559,4494 558,4493 552,4493 551,4492 550,4492 548,4490 547,4490 544,4488 544,4484 543,4483 543,4475 542,4475 500,4475 499,4474 442,4475 441,4474 440,4475 439,4474 346,4475 346,4476 346,4480 345,4480 344,4480 344,4480 344,4476 343,4475 282,4477 281,4478 280,4478 279,4479 279,4480 278,4481 277,4480 273,4480 271,4478 270,4478 269,4476 269,4475 268,4474 268,4473 267,4473 266,4473 265,4472 264,4472 263,4471 262,4471 261,4470 261,4466 260,4465 260,4460 259,4459 258,4456 259,4455 260,4455 260,4455 260,4451 261,4450 261,4427 261,4426 269,4426 271,4424 271,4420 271,4420 272,4420 273,4419 273,4418 274,4417 276,4417 278,4415 278,4414 278,4414 280,4414 282,4412 341,4410 342,4410 341,4396 342,4395 386,4395 387,4394 391,4393 392,4392 398,4392 399,4391 406,4391 407,4392 436,4392 439,4395 440,4395 441,4395 511,4394 512,4395 514,4395 514,4396 514,4398 515,4398 538,4398 539,4399 611,4397 612,4399 612,4400 613,4401 614,4415 614,4415 762,4412 763,4412 763,4404 764,4403 764,4402 764,4401 766,4401 767,4400 768,4400 770,4398 770,4397 772,4395 775,4395 776,4393 776,4392 778,4391 783,4391 784,4390 785,4390 786,4391 910,4388 911,4389 918,4389 919,4391 920,4402 920,4402 1011,4400 1012,4401 1013,4401 1015,4403 1015,4404 1015,4404 1178,4401 1179,4401 1179,4398 1180,4395 1180,4394 1181,4393 1181,4392 1185,4389 1188,4389 1190,4391 1190,4392 1192,4394 1193,4394 1194,4395 1195,4395 1200,4400 1202,4400 1203,4401 1204,4401 1205,4401 1394,4398 1395,4397 1395,4395 1396,4394 1398,4394 1398,4393 1398,4392 1399,4391 1399,4384 1406,4378 1407,4378 1408,4376 1413,4376 1414,4375 1415,4375 1416,4374 1419,4374 1420,4373 1436,4373 1437,4372 1438,4373 1447,4373 1448,4374 1449,4374 1451,4376 1454,4376 1457,4379 1549,4377 1550,4378 1551,4378 1552,4379 1553,4379 1553,4379 1553,4380 1555,4382 1556,4382 1556,4382 1556,4383 1557,4384 1558,4395 1558,4396 1601,4395 1602,4394 1601,4373 1602,4373 1602,4373 1603,4396 1603,4397 1662,4396 1663,4396 1663,4397 1663,4397 1867,4393 1868,4393 1867,4386 1868,4385 1868,4381 1869,4380 1870,4380 1870,4380 1870,4379 1872,4377 1940,4376 1940,4376 1940,4370 1941,4369 1949,4369 1949,4369 1949,4372 1950,4373 1951,4408 1952,4409 1953,4458 1952,4459 1952,4475 1952,4476"/>
        <TextEquiv index="0">
          <Unicode>ter Religion abgeſetzt worden. Deßwegen ein</Unicode>
        </TextEquiv>
        <TextEquiv index="1">
          <Unicode>ter Religion abgeſetzt worden. Deßwegen ein</Unicode>
        </TextEquiv>
      </TextLine>
      <TextLine id="l89">
        <Coords points="1944,4589 1943,4589 1943,4575 1942,4573 1794,4576 1793,4576 1793,4582 1792,4584 1789,4584 1788,4583 1787,4583 1786,4582 1785,4582 1783,4581 1783,4579 1782,4578 1782,4576 1781,4575 1781,4573 1781,4572 1716,4573 1714,4572 1714,4562 1713,4562 1544,4565 1543,4566 1538,4566 1537,4565 1536,4565 1535,4564 1534,4564 1533,4563 1510,4564 1509,4563 1327,4566 1327,4567 1327,4570 1326,4571 1326,4575 1325,4576 1325,4577 1322,4580 1322,4581 1320,4583 1318,4583 1316,4585 1316,4586 1315,4587 1311,4587 1310,4588 1310,4589 1310,4589 1308,4590 1307,4589 1307,4588 1307,4588 1302,4588 1301,4587 1301,4574 1300,4574 1152,4577 1151,4577 1151,4591 1150,4593 1011,4595 1010,4596 781,4601 780,4602 777,4602 776,4601 773,4601 771,4599 769,4599 768,4598 767,4598 764,4596 764,4585 764,4584 712,4585 711,4584 648,4585 647,4584 618,4585 616,4583 556,4584 554,4582 465,4584 464,4585 465,4610 464,4610 463,4610 462,4609 346,4611 346,4612 346,4613 345,4613 345,4613 345,4612 344,4611 343,4611 343,4611 343,4609 342,4608 340,4609 339,4608 339,4606 339,4606 270,4607 268,4605 268,4601 266,4599 266,4591 265,4590 265,4585 265,4585 263,4585 262,4585 262,4577 261,4576 249,4576 249,4576 249,4574 251,4571 252,4571 253,4571 252,4541 253,4540 262,4540 262,4540 262,4526 263,4525 263,4519 263,4518 265,4518 266,4517 266,4516 266,4516 267,4516 273,4510 275,4510 278,4507 280,4507 282,4505 284,4505 285,4504 286,4504 287,4505 292,4504 293,4505 295,4505 296,4506 339,4506 341,4507 348,4507 349,4508 349,4509 352,4512 352,4522 352,4522 388,4522 389,4522 389,4523 389,4524 390,4524 391,4524 391,4525 391,4525 605,4521 607,4520 607,4517 608,4516 608,4514 610,4511 612,4511 613,4511 613,4509 614,4508 614,4506 615,4504 616,4504 617,4503 618,4503 619,4502 620,4502 622,4500 623,4500 624,4499 627,4499 628,4498 641,4498 642,4497 643,4497 643,4497 643,4498 644,4499 646,4498 647,4499 649,4499 650,4500 654,4500 660,4506 723,4505 724,4506 725,4506 728,4508 728,4512 729,4513 729,4520 729,4521 895,4518 896,4517 896,4513 897,4512 897,4509 897,4509 898,4509 900,4507 900,4506 902,4504 902,4503 903,4502 902,4501 903,4500 904,4500 905,4499 905,4498 906,4497 910,4497 911,4496 911,4495 912,4494 913,4495 916,4495 917,4496 922,4496 923,4497 925,4497 926,4498 928,4498 929,4499 984,4498 985,4499 986,4511 986,4512 1123,4509 1124,4509 1124,4504 1125,4503 1124,4499 1125,4498 1125,4497 1127,4495 1159,4494 1160,4493 1161,4493 1162,4492 1169,4492 1170,4491 1171,4492 1173,4492 1177,4496 1375,4492 1375,4492 1375,4490 1377,4488 1379,4488 1380,4487 1386,4487 1387,4488 1394,4488 1395,4489 1421,4488 1423,4490 1424,4490 1425,4491 1426,4491 1426,4492 1426,4493 1427,4494 1428,4514 1428,4514 1577,4511 1578,4511 1578,4502 1579,4501 1579,4499 1580,4498 1580,4497 1580,4496 1581,4496 1582,4496 1581,4495 1582,4494 1583,4494 1585,4492 1585,4491 1587,4489 1588,4489 1589,4488 1590,4488 1591,4487 1592,4487 1593,4486 1595,4486 1596,4485 1600,4485 1601,4484 1602,4485 1606,4485 1607,4486 1609,4486 1610,4487 1610,4489 1612,4491 1613,4513 1613,4513 1762,4511 1763,4510 1763,4500 1764,4499 1764,4498 1765,4497 1765,4496 1766,4495 1766,4494 1767,4492 1769,4492 1772,4489 1773,4489 1776,4486 1777,4486 1778,4485 1780,4485 1782,4483 1793,4483 1793,4483 1794,4494 1794,4495 1943,4492 1944,4492 1943,4485 1944,4483 1944,4476 1945,4476 1952,4476 1952,4476 1952,4477 1953,4478 1953,4488 1952,4489 1953,4528 1952,4529 1953,4584 1952,4585 1952,4588 1952,4589"/>
        <TextEquiv index="0">
          <Unicode>ſchwerer Krieg erfolget iſt. 83. Erneſtus, Her⸗</Unicode>
        </TextEquiv>
        <TextEquiv index="1">
          <Unicode>ſchwerer Krieg erfolget iſt. 83. Erneſtus, Her⸗</Unicode>
        </TextEquiv>
      </TextLine>
      <TextLine id="l90">
        <Coords points="1945,4702 1944,4701 1944,4699 1943,4698 1829,4700 1828,4699 1828,4698 1827,4697 1824,4697 1823,4696 1822,4696 1821,4695 1630,4699 1628,4701 1627,4701 1626,4700 1624,4700 1623,4699 1622,4699 1622,4699 1621,4680 1621,4679 1542,4681 1540,4679 1519,4679 1518,4678 1442,4680 1441,4680 1441,4694 1440,4696 1438,4696 1436,4694 1436,4677 1436,4677 1228,4681 1225,4684 1225,4687 1224,4688 1224,4691 1224,4691 1223,4691 1221,4693 1220,4693 1218,4695 1218,4696 1218,4696 1217,4696 1215,4698 1215,4699 1215,4699 1214,4699 1213,4700 1212,4700 1211,4701 1122,4703 1121,4704 1119,4704 1118,4705 1115,4705 1115,4705 1114,4687 1114,4686 1076,4687 1075,4686 847,4691 845,4692 845,4693 844,4694 844,4695 842,4698 841,4698 840,4697 840,4695 840,4695 683,4698 681,4699 681,4701 680,4702 680,4703 679,4704 679,4705 679,4706 678,4706 677,4706 677,4707 677,4708 677,4709 674,4712 670,4712 668,4714 667,4714 665,4712 664,4712 664,4712 663,4705 663,4704 559,4706 557,4704 556,4704 555,4703 552,4703 550,4701 549,4701 548,4700 396,4703 395,4704 395,4706 394,4707 394,4708 394,4708 393,4708 391,4711 389,4711 387,4713 380,4713 379,4714 371,4714 370,4715 368,4713 366,4713 366,4713 365,4711 365,4710 362,4710 361,4709 289,4711 288,4710 288,4707 288,4707 287,4707 285,4705 285,4697 285,4697 269,4697 268,4696 268,4695 264,4692 264,4691 263,4690 262,4654 262,4653 254,4653 253,4653 253,4652 254,4651 265,4651 265,4650 265,4649 266,4648 266,4647 267,4646 267,4644 268,4643 268,4642 269,4642 270,4642 271,4641 271,4640 271,4639 273,4638 278,4638 279,4637 280,4637 281,4635 281,4634 283,4632 283,4631 284,4630 286,4630 287,4630 287,4631 287,4632 289,4632 290,4632 290,4634 290,4634 342,4633 343,4633 343,4617 343,4616 344,4617 344,4633 344,4633 432,4632 433,4631 433,4621 434,4620 434,4617 435,4616 520,4614 522,4612 522,4611 522,4611 523,4611 524,4610 533,4610 534,4611 579,4610 580,4611 581,4611 582,4612 583,4612 584,4613 585,4613 586,4614 587,4614 592,4618 592,4619 593,4621 597,4620 599,4622 600,4622 602,4624 602,4633 603,4633 686,4632 687,4633 863,4629 865,4628 865,4626 866,4625 866,4623 867,4622 867,4621 867,4620 869,4620 870,4619 966,4617 968,4616 968,4613 969,4612 969,4611 970,4609 1089,4607 1090,4608 1091,4608 1092,4608 1092,4610 1093,4611 1093,4622 1093,4623 1274,4619 1275,4618 1380,4616 1381,4616 1381,4614 1382,4613 1382,4612 1384,4610 1384,4609 1387,4605 1389,4605 1390,4604 1391,4604 1392,4603 1392,4602 1393,4601 1394,4601 1395,4600 1406,4600 1407,4600 1407,4606 1407,4607 1411,4606 1413,4608 1413,4609 1416,4612 1416,4613 1416,4613 1574,4610 1577,4608 1577,4607 1578,4605 1579,4605 1583,4601 1585,4601 1586,4600 1587,4600 1588,4599 1594,4599 1595,4598 1705,4596 1707,4594 1711,4594 1712,4593 1721,4592 1722,4591 1723,4592 1736,4592 1737,4594 1738,4598 1738,4598 1761,4598 1762,4599 1942,4595 1943,4595 1942,4593 1943,4592 1944,4592 1944,4592 1944,4590 1945,4589 1952,4589 1952,4589 1952,4591 1951,4592 1952,4642 1951,4643 1953,4700 1951,4702"/>
        <TextEquiv index="0">
          <Unicode>tzog in Bayern / wird im gemeldten 83. Jahr /</Unicode>
        </TextEquiv>
        <TextEquiv index="1">
          <Unicode>tzog in Bayern / wird im gemeldten 83. Jahr/</Unicode>
        </TextEquiv>
      </TextLine>
      <TextLine id="l91">
        <Coords points="1945,4812 1945,4812 1944,4789 1944,4788 1794,4791 1793,4792 1793,4796 1792,4797 1793,4806 1791,4807 1787,4807 1786,4808 1784,4808 1782,4806 1781,4782 1781,4781 1618,4784 1617,4783 1532,4785 1531,4786 1531,4798 1530,4799 1529,4799 1529,4785 1529,4784 1330,4788 1329,4789 1225,4791 1224,4792 1224,4793 1223,4794 1223,4798 1221,4800 1220,4800 1219,4801 1219,4803 1217,4805 1216,4805 1215,4806 1214,4806 1210,4810 1209,4810 1208,4811 1207,4812 1206,4811 1191,4811 1190,4810 985,4814 984,4815 984,4817 982,4819 981,4819 980,4820 980,4819 980,4818 979,4818 979,4817 978,4816 977,4802 977,4801 745,4806 744,4807 701,4807 700,4808 701,4812 700,4813 700,4814 697,4817 696,4816 691,4816 691,4815 691,4810 690,4810 626,4811 625,4810 624,4810 623,4809 623,4808 623,4808 470,4811 469,4813 469,4814 468,4814 467,4814 466,4815 345,4817 345,4817 344,4806 344,4805 279,4807 278,4806 278,4805 276,4803 269,4803 265,4800 265,4798 264,4797 264,4794 263,4793 263,4775 262,4774 261,4742 263,4740 264,4740 265,4739 265,4737 266,4735 266,4734 267,4733 268,4733 270,4731 271,4732 274,4732 275,4733 276,4733 278,4734 278,4737 279,4738 281,4738 283,4740 285,4740 286,4741 288,4741 289,4742 289,4743 290,4744 291,4744 292,4744 294,4744 294,4745 294,4746 295,4746 297,4746 299,4748 380,4747 380,4747 380,4750 382,4752 527,4749 527,4748 527,4744 528,4743 528,4738 529,4737 529,4734 530,4733 531,4733 536,4728 536,4727 538,4725 542,4725 543,4724 543,4723 543,4723 567,4722 570,4719 572,4719 573,4718 575,4718 576,4717 581,4717 582,4716 584,4716 585,4717 594,4717 595,4717 595,4718 595,4719 596,4718 599,4721 599,4722 600,4723 624,4723 625,4723 625,4724 625,4725 626,4725 627,4726 711,4724 712,4725 735,4725 736,4726 737,4726 739,4727 739,4732 740,4733 984,4728 985,4727 985,4726 986,4725 986,4724 986,4724 987,4724 991,4720 992,4720 993,4719 994,4719 995,4718 996,4718 997,4717 998,4717 1000,4715 1132,4712 1133,4711 1136,4711 1137,4710 1139,4710 1141,4711 1141,4712 1142,4714 1143,4714 1145,4715 1145,4717 1146,4718 1146,4725 1146,4726 1364,4721 1365,4721 1365,4720 1365,4719 1366,4719 1367,4718 1368,4718 1369,4717 1370,4717 1372,4715 1374,4715 1376,4713 1377,4713 1379,4711 1383,4711 1384,4710 1386,4710 1387,4709 1388,4709 1389,4708 1395,4708 1396,4707 1397,4708 1487,4706 1488,4707 1541,4706 1542,4707 1545,4707 1546,4707 1546,4735 1547,4736 1695,4733 1695,4732 1695,4705 1696,4704 1697,4704 1698,4703 1708,4703 1710,4704 1710,4705 1710,4706 1810,4704 1811,4705 1951,4702 1952,4702 1952,4708 1953,4709 1953,4744 1952,4745 1953,4795 1952,4796 1953,4811 1952,4812"/>
        <TextEquiv index="0">
          <Unicode>den 13. Maji / an deß beſagten Gebhardi ſtatt</Unicode>
        </TextEquiv>
        <TextEquiv index="1">
          <Unicode>den 13. Maji / an deß beſagten Gebhardi ſtatt</Unicode>
        </TextEquiv>
      </TextLine>
      <TextLine id="l92">
        <Coords points="1945,4922 1945,4922 1945,4900 1944,4899 1838,4901 1838,4901 1837,4899 1837,4898 1610,4903 1609,4904 1609,4905 1608,4906 1608,4907 1602,4913 1598,4913 1597,4914 1594,4914 1593,4913 1590,4913 1589,4912 1589,4909 1588,4908 1588,4904 1587,4903 1586,4896 1586,4895 1559,4896 1558,4895 1436,4897 1435,4896 1431,4896 1430,4895 1429,4895 1427,4893 1395,4894 1394,4893 1134,4898 1129,4903 1128,4903 1127,4904 1091,4905 1090,4906 1089,4906 1088,4907 1019,4908 1016,4911 971,4912 971,4913 971,4918 970,4919 970,4922 969,4923 969,4929 966,4931 962,4931 961,4930 960,4930 959,4929 959,4913 958,4912 870,4914 870,4914 870,4913 869,4912 691,4916 691,4916 691,4917 690,4918 690,4921 686,4925 686,4927 683,4930 660,4930 658,4932 656,4932 656,4932 656,4931 654,4929 580,4931 579,4930 504,4931 503,4930 503,4927 502,4926 412,4928 411,4927 408,4927 405,4924 404,4924 404,4924 404,4921 403,4920 402,4920 401,4919 313,4921 312,4920 303,4920 302,4919 296,4919 293,4916 292,4917 291,4915 290,4913 289,4912 287,4912 285,4910 285,4908 284,4907 280,4907 277,4904 277,4903 276,4902 276,4901 275,4900 255,4900 254,4900 254,4899 255,4898 272,4898 272,4897 272,4896 268,4892 268,4891 267,4890 267,4888 266,4888 266,4886 265,4885 265,4879 264,4878 264,4871 263,4870 264,4869 264,4868 265,4867 264,4864 265,4863 266,4863 266,4862 266,4861 267,4860 267,4855 268,4854 268,4850 269,4849 269,4848 271,4846 271,4845 274,4843 275,4843 275,4842 275,4841 277,4840 278,4840 279,4839 280,4839 280,4838 281,4838 284,4835 284,4834 284,4834 285,4834 286,4833 287,4833 288,4832 313,4831 314,4830 327,4830 329,4832 337,4832 338,4833 339,4833 341,4834 341,4836 341,4837 525,4833 526,4834 707,4830 708,4829 713,4829 714,4830 715,4830 719,4834 719,4836 718,4837 718,4838 718,4838 717,4838 715,4840 714,4840 713,4841 707,4841 706,4842 706,4843 707,4843 890,4840 890,4839 890,4838 891,4838 895,4838 895,4837 895,4836 897,4835 973,4833 974,4832 975,4832 975,4831 978,4831 980,4829 981,4829 982,4828 982,4827 982,4827 983,4827 984,4826 985,4827 1088,4825 1091,4827 1091,4829 1094,4832 1094,4837 1095,4838 1131,4837 1132,4838 1134,4838 1135,4839 1135,4841 1136,4842 1136,4846 1137,4847 1293,4844 1293,4843 1293,4819 1293,4819 1296,4821 1296,4843 1297,4844 1438,4841 1439,4840 1440,4840 1441,4839 1442,4839 1444,4837 1446,4837 1447,4836 1448,4836 1449,4835 1450,4835 1450,4834 1450,4833 1452,4832 1456,4832 1458,4834 1458,4840 1459,4841 1695,4836 1695,4835 1693,4833 1693,4831 1694,4830 1694,4828 1695,4827 1695,4826 1697,4825 1698,4825 1698,4824 1699,4824 1700,4823 1700,4822 1704,4818 1707,4818 1710,4815 1760,4814 1761,4815 1763,4815 1764,4816 1765,4816 1766,4816 1766,4820 1765,4821 1760,4821 1760,4821 1760,4822 1759,4823 1759,4837 1760,4838 1783,4837 1784,4838 1944,4835 1944,4835 1944,4823 1945,4822 1945,4814 1946,4812 1952,4812 1953,4812 1953,4843 1952,4844 1954,4920 1952,4922"/>
        <TextEquiv index="0">
          <Unicode>Ertzbiſchoff / und ſtirbt anno 1612. zu Arns⸗</Unicode>
        </TextEquiv>
        <TextEquiv index="1">
          <Unicode>Ertzbiſchoff / und ſtirbt anno 1612. zu Arns⸗</Unicode>
        </TextEquiv>
      </TextLine>
      <TextLine id="l93">
        <Coords points="1948,5032 1946,5031 1946,5029 1946,5028 1867,5030 1865,5028 1865,5026 1864,5026 1786,5027 1785,5026 1784,5026 1783,5025 1782,5025 1781,5024 1780,5024 1780,5024 1780,5023 1779,5022 1778,5022 1777,5021 1776,5021 1776,5021 1776,5020 1775,5019 1711,5021 1709,5019 1705,5019 1704,5018 1702,5018 1702,5017 1702,5015 1701,5014 1701,5013 1700,5013 1577,5015 1577,5016 1577,5022 1576,5023 1576,5025 1574,5026 1571,5026 1570,5027 1466,5029 1465,5030 1463,5028 1463,5022 1462,5021 1462,5019 1460,5017 1460,5016 1457,5013 1457,5009 1456,5009 1319,5011 1318,5012 1247,5014 1238,5023 1232,5023 1231,5024 1229,5024 1228,5023 1228,5010 1227,5009 1131,5011 1130,5010 1002,5013 1000,5015 874,5017 873,5018 868,5018 867,5017 866,5017 865,5016 796,5018 796,5018 796,5025 795,5026 793,5026 793,5025 793,5018 792,5018 786,5018 786,5018 786,5023 785,5024 784,5024 784,5023 784,5018 783,5018 769,5018 768,5017 767,5017 766,5016 624,5019 624,5020 624,5028 623,5029 623,5040 621,5042 620,5042 619,5041 617,5041 615,5040 615,5032 614,5031 614,5028 613,5027 547,5029 546,5028 545,5028 544,5027 543,5027 542,5026 419,5028 419,5029 419,5031 418,5032 418,5036 415,5038 414,5038 413,5039 412,5039 411,5041 409,5041 408,5042 404,5042 403,5043 395,5044 394,5043 393,5043 392,5042 390,5042 388,5041 387,5041 385,5039 381,5039 380,5037 380,5036 379,5035 379,5025 378,5025 282,5027 280,5025 278,5025 277,5024 276,5024 275,5023 254,5023 254,5023 254,5022 255,5020 262,5020 263,5020 262,5010 263,5009 262,4966 263,4965 263,4958 264,4957 264,4955 266,4953 268,4953 269,4952 270,4952 272,4950 273,4950 274,4948 274,4947 276,4946 279,4946 281,4944 286,4944 287,4945 291,4945 291,4945 291,4947 292,4948 292,4956 293,4956 353,4955 354,4957 354,4962 356,4963 408,4962 408,4963 409,4966 410,4967 533,4965 534,4964 533,4963 536,4960 536,4957 538,4956 539,4956 543,4952 548,4951 549,4950 550,4950 551,4949 558,4949 559,4950 560,4950 561,4951 563,4951 566,4954 567,4954 568,4955 568,4956 568,4957 569,4957 570,4957 570,4958 570,4961 571,4962 572,4973 572,4973 698,4971 699,4970 698,4944 700,4943 705,4942 706,4941 747,4941 748,4942 872,4939 872,4940 872,4941 873,4942 873,4943 874,4943 896,4943 897,4944 898,4944 899,4945 899,4946 900,4947 901,4965 901,4966 1090,4962 1091,4961 1090,4935 1092,4934 1094,4934 1095,4933 1096,4933 1096,4932 1102,4932 1103,4932 1103,4933 1104,4934 1105,4961 1105,4962 1179,4960 1180,4961 1188,4961 1189,4962 1190,4962 1191,4962 1191,4963 1192,4964 1192,4982 1193,4983 1309,4981 1310,4980 1310,4979 1311,4978 1311,4977 1312,4976 1312,4975 1313,4974 1313,4973 1313,4972 1314,4972 1315,4972 1315,4971 1316,4970 1316,4969 1318,4967 1318,4966 1321,4963 1321,4962 1323,4959 1324,4959 1325,4959 1325,4958 1328,4954 1329,4954 1330,4953 1359,4953 1360,4952 1361,4952 1362,4951 1437,4949 1437,4949 1437,4941 1439,4939 1441,4939 1442,4937 1442,4936 1446,4933 1447,4933 1448,4932 1451,4932 1452,4931 1573,4928 1574,4930 1574,4931 1575,4932 1575,4940 1576,4940 1589,4940 1590,4942 1590,4943 1591,4943 1714,4941 1714,4940 1714,4936 1715,4936 1716,4936 1716,4936 1716,4949 1717,4950 1874,4946 1874,4946 1874,4938 1875,4937 1876,4937 1877,4936 1881,4936 1882,4935 1945,4934 1945,4934 1945,4923 1945,4922 1952,4922 1953,4922 1953,4925 1954,4926 1954,4941 1953,4942 1955,5031 1955,5032"/>
        <TextEquiv index="0">
          <Unicode>berg. 84. Ferdinandus, auch Hertzog in</Unicode>
        </TextEquiv>
        <TextEquiv index="1">
          <Unicode>berg. 84. Ferdinandus, auch Hertzog in</Unicode>
        </TextEquiv>
      </TextLine>
      <TextLine id="l94">
        <Coords points="1847,5144 1846,5144 1846,5134 1846,5133 1823,5133 1822,5133 1821,5133 1820,5132 1820,5130 1819,5129 1819,5128 1818,5128 1778,5128 1777,5127 1777,5110 1776,5109 1633,5112 1631,5110 1446,5114 1445,5115 1445,5117 1444,5118 1444,5119 1443,5120 1442,5120 1440,5122 1334,5124 1334,5125 1334,5134 1333,5135 1333,5137 1332,5138 1332,5140 1332,5140 1331,5140 1330,5141 1329,5141 1328,5142 1327,5142 1326,5143 1325,5143 1324,5142 1320,5142 1318,5140 1317,5140 1315,5139 1315,5138 1314,5137 1314,5125 1313,5124 1135,5128 1135,5129 1135,5129 1134,5131 1134,5133 1133,5134 1133,5136 1130,5139 1130,5141 1129,5142 1128,5142 1127,5143 1125,5143 1122,5146 1121,5146 1120,5147 1115,5147 1114,5148 1112,5148 1111,5147 1109,5148 1108,5147 1105,5147 1103,5145 1101,5145 1099,5143 1099,5142 1098,5141 1097,5141 1095,5139 1095,5137 1094,5136 1094,5130 1093,5130 1043,5131 1042,5130 867,5133 865,5131 803,5133 802,5131 802,5130 801,5130 632,5133 632,5133 632,5135 631,5136 631,5147 631,5148 626,5148 625,5149 623,5149 621,5148 621,5139 619,5137 435,5141 435,5141 435,5142 434,5143 434,5145 434,5146 433,5146 432,5146 432,5149 432,5150 430,5150 429,5151 428,5151 427,5151 427,5154 427,5155 424,5155 423,5154 422,5154 421,5153 420,5153 419,5153 419,5144 419,5143 346,5145 345,5144 345,5137 344,5137 323,5137 322,5136 319,5136 318,5135 316,5135 313,5132 312,5132 309,5129 308,5129 307,5128 275,5129 275,5128 275,5125 274,5124 273,5110 273,5110 268,5110 265,5108 265,5107 264,5106 264,5087 263,5086 263,5085 262,5084 262,5069 262,5068 262,5067 264,5065 264,5064 265,5063 265,5061 266,5060 270,5060 272,5058 273,5058 277,5054 282,5054 283,5053 289,5053 290,5054 296,5053 297,5054 301,5054 302,5055 304,5055 305,5056 308,5056 309,5057 310,5057 311,5058 331,5058 332,5059 336,5059 337,5060 341,5060 344,5063 344,5064 345,5065 345,5067 348,5069 348,5072 348,5072 605,5067 606,5067 606,5065 607,5063 624,5063 626,5060 626,5058 627,5058 628,5058 629,5056 629,5055 632,5053 634,5053 635,5052 640,5052 641,5051 642,5051 643,5050 647,5050 647,5050 647,5051 653,5057 653,5059 654,5059 849,5056 850,5055 852,5055 853,5056 959,5053 959,5054 960,5070 960,5070 1117,5067 1118,5066 1172,5065 1173,5065 1172,5059 1173,5058 1174,5058 1176,5056 1176,5055 1178,5053 1179,5053 1182,5050 1302,5048 1304,5046 1306,5046 1306,5045 1306,5044 1307,5044 1310,5044 1312,5046 1314,5045 1315,5046 1470,5043 1470,5043 1470,5039 1472,5037 1503,5037 1504,5038 1514,5038 1515,5039 1517,5038 1517,5039 1517,5040 1518,5041 1518,5045 1519,5045 1676,5042 1676,5042 1676,5041 1677,5040 1678,5040 1683,5035 1684,5035 1685,5034 1687,5034 1688,5033 1698,5033 1699,5034 1701,5034 1701,5034 1701,5035 1703,5037 1955,5032 1955,5032 1956,5100 1955,5101 1956,5141 1956,5142"/>
        <TextEquiv index="0">
          <Unicode>Bayern / ſuccedirt dem gedachten Erneſto, ſei⸗</Unicode>
        </TextEquiv>
        <TextEquiv index="1">
          <Unicode>Bayern / ſuccedirt dem gedachten Erneſto, ſei⸗</Unicode>
        </TextEquiv>
      </TextLine>
      <TextLine id="l95">
        <Coords points="1950,5247 1949,5247 1949,5241 1948,5240 1948,5223 1947,5222 1884,5223 1883,5222 1882,5222 1880,5220 1865,5221 1864,5220 1653,5224 1651,5226 1650,5226 1648,5228 1648,5229 1647,5230 1565,5232 1565,5232 1565,5233 1564,5234 1564,5240 1564,5241 1562,5241 1561,5241 1561,5243 1560,5245 1530,5245 1529,5246 1526,5244 1526,5235 1526,5234 1384,5237 1382,5236 1382,5234 1381,5233 1133,5238 1132,5239 1089,5240 1088,5241 973,5243 971,5241 970,5241 969,5240 928,5241 927,5240 747,5244 746,5245 711,5245 709,5247 707,5247 705,5246 705,5245 701,5242 484,5246 479,5251 471,5251 470,5252 470,5261 470,5261 467,5261 465,5263 459,5258 459,5257 458,5256 458,5255 457,5254 457,5243 456,5242 305,5245 304,5247 302,5246 302,5245 300,5243 274,5244 274,5243 274,5240 273,5240 272,5240 271,5239 270,5239 269,5238 268,5238 267,5237 267,5236 266,5235 266,5232 265,5231 264,5194 271,5186 273,5186 275,5184 281,5184 282,5185 439,5182 440,5181 440,5179 441,5178 441,5177 441,5177 442,5177 443,5176 443,5175 444,5174 444,5173 447,5170 446,5167 447,5167 448,5166 449,5165 452,5165 453,5164 455,5164 456,5163 461,5163 462,5162 463,5162 466,5159 468,5162 468,5165 469,5165 696,5161 698,5159 699,5159 700,5158 706,5157 707,5156 710,5156 711,5155 740,5155 741,5154 742,5154 743,5153 749,5153 750,5152 751,5153 761,5152 762,5153 764,5153 765,5154 769,5154 772,5157 774,5157 774,5158 774,5159 778,5163 779,5167 781,5168 781,5171 782,5172 782,5173 783,5175 852,5174 853,5175 1028,5171 1030,5170 1030,5169 1030,5168 1031,5168 1032,5168 1032,5167 1035,5163 1037,5163 1039,5161 1040,5161 1041,5160 1044,5160 1045,5159 1058,5159 1059,5159 1060,5159 1061,5160 1063,5160 1064,5161 1065,5161 1067,5163 1216,5160 1217,5159 1218,5159 1220,5161 1220,5167 1220,5167 1223,5167 1224,5168 1224,5169 1224,5169 1225,5169 1226,5170 1228,5170 1229,5171 1231,5171 1233,5173 1404,5170 1406,5168 1406,5167 1407,5166 1407,5165 1408,5164 1408,5163 1408,5163 1409,5163 1411,5161 1446,5160 1449,5157 1450,5157 1451,5156 1533,5154 1533,5154 1533,5151 1534,5150 1536,5150 1540,5146 1543,5146 1544,5145 1545,5145 1546,5144 1547,5144 1548,5143 1578,5142 1579,5143 1581,5143 1582,5144 1583,5144 1584,5145 1585,5145 1587,5147 1588,5147 1589,5148 1718,5146 1719,5147 1723,5146 1724,5147 1735,5147 1736,5148 1947,5144 1947,5144 1947,5143 1948,5142 1956,5142 1956,5142 1957,5202 1956,5203 1957,5246 1957,5247"/>
        <TextEquiv index="0">
          <Unicode>nes Herrn Vatters Brudern / deſſen Coad-</Unicode>
        </TextEquiv>
        <TextEquiv index="1">
          <Unicode>nes Herrn Vatters Brudern / deſſen Coad-</Unicode>
        </TextEquiv>
      </TextLine>
      <TextLine id="l96">
        <Coords points="1952,5360 1952,5360 1952,5359 1951,5358 1888,5359 1887,5358 1886,5338 1886,5337 1690,5341 1689,5342 1689,5346 1688,5347 1687,5347 1685,5349 1679,5349 1677,5347 1675,5347 1673,5346 1673,5345 1673,5344 1568,5347 1567,5346 1564,5346 1563,5345 1563,5344 1562,5343 1522,5343 1521,5342 1518,5343 1517,5342 1517,5340 1517,5340 1288,5344 1287,5345 1286,5345 1284,5347 1282,5347 1281,5348 1095,5352 1094,5353 1018,5354 1017,5355 1017,5364 1015,5366 1011,5366 1010,5367 1008,5368 1008,5367 1007,5366 1007,5366 836,5369 835,5370 705,5372 704,5372 703,5372 703,5371 703,5370 700,5368 700,5366 699,5365 699,5350 699,5350 521,5353 520,5352 519,5352 518,5352 518,5351 518,5350 493,5351 492,5350 491,5350 489,5348 488,5348 487,5347 288,5351 286,5352 286,5353 284,5355 284,5358 282,5360 282,5361 276,5367 276,5368 275,5370 273,5370 272,5371 269,5369 268,5317 268,5316 258,5316 257,5316 257,5315 259,5313 271,5313 271,5312 271,5303 276,5299 278,5299 278,5298 278,5291 277,5291 250,5291 250,5291 251,5289 277,5289 278,5288 278,5279 279,5278 279,5277 280,5276 282,5276 283,5275 284,5275 288,5278 288,5298 289,5299 357,5297 357,5297 357,5291 357,5290 358,5291 358,5296 358,5296 522,5293 524,5291 662,5288 663,5287 689,5287 690,5286 690,5280 693,5277 696,5277 697,5276 698,5276 699,5275 699,5274 700,5273 702,5273 703,5272 714,5271 716,5273 752,5273 756,5276 756,5290 756,5290 1004,5286 1006,5284 1006,5281 1007,5280 1007,5279 1009,5276 1010,5276 1014,5272 1015,5272 1016,5271 1017,5271 1018,5270 1020,5270 1021,5269 1027,5269 1028,5268 1030,5270 1031,5270 1035,5274 1177,5271 1179,5273 1179,5274 1180,5275 1180,5277 1181,5278 1183,5278 1187,5282 1189,5282 1190,5283 1191,5283 1192,5284 1194,5284 1197,5287 1237,5286 1238,5287 1258,5287 1260,5288 1282,5287 1284,5289 1284,5290 1287,5292 1467,5289 1467,5288 1467,5277 1469,5275 1469,5273 1470,5272 1470,5270 1471,5269 1471,5267 1472,5266 1472,5264 1473,5262 1474,5262 1476,5260 1477,5260 1479,5258 1480,5258 1482,5256 1485,5256 1486,5255 1490,5255 1491,5254 1508,5254 1508,5253 1508,5252 1509,5252 1510,5252 1511,5251 1514,5251 1515,5250 1516,5250 1517,5251 1533,5250 1534,5251 1535,5251 1535,5252 1535,5253 1537,5254 1538,5254 1540,5256 1564,5256 1565,5257 1566,5257 1568,5259 1569,5259 1570,5259 1572,5259 1574,5261 1575,5261 1576,5262 1577,5262 1579,5264 1579,5268 1580,5269 1580,5270 1580,5270 1812,5266 1813,5265 1813,5264 1813,5264 1814,5264 1815,5263 1899,5261 1902,5258 1905,5258 1907,5256 1908,5256 1909,5255 1949,5254 1949,5254 1949,5248 1950,5247 1957,5247 1957,5247 1957,5253 1956,5254 1957,5304 1956,5305 1957,5355 1956,5356 1957,5359 1956,5360"/>
        <TextEquiv index="0">
          <Unicode>jutor er vorhin geweſen / den 12. Mertzen deß</Unicode>
        </TextEquiv>
        <TextEquiv index="1">
          <Unicode>jutor er vorhin geweſen / den 12. Mertzen deß</Unicode>
        </TextEquiv>
      </TextLine>
      <TextLine id="l97">
        <Coords points="1951,5472 1951,5472 1951,5469 1950,5468 1799,5471 1798,5470 1792,5470 1791,5469 1790,5469 1789,5468 1784,5468 1783,5467 1783,5465 1782,5464 1782,5462 1781,5461 1663,5464 1662,5463 1660,5463 1658,5461 1658,5458 1657,5457 1657,5456 1656,5455 1656,5454 1655,5453 1655,5451 1655,5451 1391,5456 1390,5457 1391,5478 1390,5478 1390,5478 1389,5457 1389,5456 1271,5458 1268,5461 1268,5462 1267,5463 1267,5464 1267,5464 1266,5464 1265,5465 1266,5466 1265,5467 1243,5467 1243,5467 1243,5469 1241,5471 1240,5471 1240,5472 1240,5475 1236,5478 1232,5478 1231,5479 1229,5479 1228,5480 1216,5480 1215,5479 1214,5480 1211,5477 1207,5477 1205,5474 1205,5473 1204,5472 1203,5460 1203,5460 992,5464 991,5464 992,5476 991,5477 991,5479 990,5480 988,5480 987,5481 986,5481 985,5482 984,5482 983,5483 977,5483 976,5484 970,5484 969,5483 966,5483 966,5483 966,5482 965,5481 965,5478 964,5477 963,5464 963,5463 798,5467 797,5467 798,5488 797,5489 797,5488 796,5467 796,5467 693,5469 692,5469 693,5476 692,5477 692,5478 690,5480 689,5480 688,5481 686,5481 685,5482 683,5482 682,5483 670,5483 666,5479 666,5478 665,5477 590,5479 590,5478 590,5475 589,5475 425,5478 425,5478 425,5477 424,5476 353,5477 351,5475 350,5467 350,5466 287,5468 286,5467 284,5467 283,5466 282,5466 281,5465 281,5464 281,5464 273,5464 271,5462 270,5462 269,5461 268,5461 267,5461 267,5460 266,5459 266,5458 265,5456 256,5456 254,5455 254,5454 252,5452 252,5450 253,5448 256,5448 257,5448 257,5437 257,5436 262,5436 264,5435 263,5418 264,5417 264,5396 266,5394 266,5393 266,5392 271,5392 272,5391 273,5391 275,5389 277,5389 278,5388 280,5388 281,5387 282,5387 283,5386 284,5386 285,5385 363,5383 364,5382 366,5382 367,5381 374,5381 375,5382 376,5382 380,5385 380,5386 381,5388 382,5388 383,5388 383,5389 384,5390 384,5397 384,5398 597,5394 598,5393 598,5392 600,5390 600,5389 600,5389 601,5389 602,5388 603,5387 604,5387 604,5385 605,5383 606,5383 607,5382 738,5380 739,5379 739,5378 740,5377 741,5377 742,5378 897,5375 898,5376 899,5376 905,5381 905,5382 905,5383 981,5381 983,5383 1103,5381 1104,5382 1105,5382 1107,5383 1107,5386 1107,5387 1418,5380 1420,5378 1421,5378 1422,5377 1506,5376 1507,5375 1507,5373 1509,5371 1510,5371 1512,5369 1520,5368 1524,5372 1524,5373 1525,5374 1525,5383 1525,5383 1782,5378 1783,5378 1783,5373 1784,5372 1784,5370 1787,5367 1787,5366 1790,5362 1791,5362 1792,5361 1793,5361 1795,5359 1796,5359 1797,5358 1806,5358 1807,5357 1812,5357 1814,5359 1822,5359 1823,5360 1828,5359 1829,5360 1831,5360 1833,5362 1956,5360 1957,5360 1957,5396 1958,5397 1958,5406 1957,5407 1958,5457 1957,5458 1958,5471 1957,5472"/>
        <TextEquiv index="0">
          <Unicode>beſagten jahrs. Er hat lang / und eben zur Zeit</Unicode>
        </TextEquiv>
        <TextEquiv index="1">
          <Unicode>beſagten jahrs. Er hat lang / und eben zur Zeit</Unicode>
        </TextEquiv>
      </TextLine>
      <TextLine id="l98">
        <Coords points="1950,5580 1950,5580 1950,5577 1949,5576 1948,5558 1948,5557 1876,5559 1875,5558 1875,5557 1875,5557 1833,5557 1832,5556 1717,5559 1716,5559 1716,5561 1716,5562 1715,5562 1713,5564 1713,5565 1712,5566 1712,5567 1711,5568 1711,5570 1710,5571 1709,5571 1705,5575 1704,5575 1703,5576 1702,5576 1701,5577 1692,5577 1691,5578 1690,5578 1689,5577 1685,5577 1683,5575 1682,5575 1681,5574 1678,5574 1675,5571 1674,5570 1674,5567 1673,5566 1672,5560 1672,5560 1456,5564 1455,5565 1379,5566 1379,5567 1379,5576 1378,5577 1378,5578 1377,5579 1377,5582 1375,5583 1374,5583 1373,5584 1372,5584 1370,5586 1369,5586 1367,5585 1287,5586 1286,5585 1285,5585 1285,5585 1285,5580 1284,5579 1284,5573 1283,5572 1251,5573 1251,5573 1251,5590 1250,5591 1249,5591 1249,5590 1249,5573 1248,5573 1232,5573 1231,5572 1137,5574 1136,5575 1129,5575 1126,5572 1122,5572 1121,5571 958,5575 956,5577 956,5578 955,5579 955,5580 954,5581 954,5582 950,5586 949,5586 948,5587 946,5587 945,5588 940,5588 939,5589 938,5588 843,5590 842,5591 838,5591 837,5592 835,5592 834,5591 830,5591 829,5590 827,5590 826,5589 824,5589 820,5585 712,5587 712,5588 712,5594 711,5594 710,5594 710,5594 710,5588 709,5587 689,5588 688,5589 683,5589 682,5590 680,5590 679,5589 674,5589 673,5588 592,5590 591,5589 590,5589 588,5587 587,5587 587,5586 586,5571 586,5571 563,5571 562,5571 562,5569 562,5568 376,5572 375,5573 374,5573 373,5574 372,5574 369,5578 369,5579 368,5579 367,5579 366,5580 358,5580 358,5581 358,5585 357,5586 357,5589 356,5589 353,5589 352,5590 351,5590 351,5590 350,5576 349,5575 282,5576 281,5575 281,5573 280,5572 276,5572 275,5571 272,5571 269,5568 268,5568 267,5568 267,5563 266,5562 266,5538 267,5537 267,5534 268,5533 267,5509 268,5508 268,5507 269,5506 269,5505 272,5502 273,5502 274,5500 275,5500 276,5499 359,5497 362,5494 363,5494 364,5493 365,5493 366,5492 367,5492 368,5491 371,5491 372,5490 377,5490 378,5491 380,5491 381,5491 381,5492 385,5496 385,5500 386,5501 451,5500 452,5500 453,5500 456,5503 457,5503 458,5504 460,5504 461,5505 462,5505 463,5506 464,5506 465,5507 467,5507 468,5508 469,5508 469,5509 469,5510 470,5510 472,5510 473,5511 572,5509 572,5509 572,5502 573,5501 573,5499 574,5498 574,5495 574,5494 598,5494 601,5491 602,5491 603,5490 607,5489 608,5488 630,5488 631,5487 632,5487 633,5488 634,5488 635,5489 638,5489 640,5491 643,5491 645,5492 645,5496 645,5497 652,5497 654,5498 655,5498 656,5499 656,5500 657,5500 750,5499 753,5495 756,5494 757,5493 791,5493 792,5492 792,5491 793,5490 793,5489 794,5488 796,5488 797,5489 803,5489 804,5490 835,5489 837,5491 840,5491 842,5493 843,5493 845,5494 845,5495 846,5496 913,5494 915,5495 916,5495 916,5496 916,5497 917,5498 917,5499 918,5500 918,5510 919,5510 946,5510 947,5511 1074,5508 1075,5507 1075,5506 1076,5505 1076,5504 1077,5503 1077,5501 1081,5497 1081,5496 1083,5494 1084,5494 1086,5491 1087,5491 1089,5489 1092,5489 1094,5487 1099,5487 1100,5486 1104,5486 1105,5485 1106,5485 1107,5486 1110,5486 1111,5487 1118,5486 1119,5487 1121,5487 1122,5488 1123,5488 1124,5489 1158,5489 1159,5490 1160,5490 1162,5491 1162,5493 1163,5494 1163,5500 1164,5501 1285,5498 1286,5497 1286,5496 1287,5495 1287,5494 1288,5493 1288,5492 1290,5489 1291,5489 1293,5487 1294,5487 1295,5486 1296,5486 1297,5485 1298,5485 1299,5484 1302,5484 1303,5483 1304,5484 1309,5484 1311,5486 1358,5485 1360,5486 1360,5488 1361,5489 1361,5491 1363,5493 1364,5493 1364,5493 1364,5502 1365,5503 1413,5502 1414,5503 1513,5501 1513,5500 1513,5495 1515,5493 1515,5492 1520,5487 1520,5485 1525,5479 1526,5479 1529,5476 1531,5476 1533,5474 1537,5474 1538,5473 1540,5473 1541,5472 1551,5472 1552,5471 1553,5472 1558,5472 1559,5473 1561,5473 1562,5474 1564,5474 1565,5475 1566,5475 1569,5477 1569,5479 1571,5481 1636,5480 1638,5482 1639,5482 1640,5483 1640,5484 1641,5485 1641,5496 1642,5496 1700,5495 1701,5494 1703,5494 1703,5494 1703,5495 1704,5496 1704,5497 1705,5498 1838,5495 1839,5494 1840,5494 1840,5495 1840,5498 1841,5498 1950,5496 1950,5496 1950,5482 1951,5481 1951,5473 1951,5472 1957,5472 1958,5472 1958,5508 1957,5509 1958,5559 1957,5560 1958,5579 1957,5580"/>
        <TextEquiv index="0">
          <Unicode>deß dreiſſig jährigen Teutſchen Kriegs re⸗</Unicode>
        </TextEquiv>
        <TextEquiv index="1">
          <Unicode>deß dreiſſig jährigen Teutſchen Kriegs re⸗</Unicode>
        </TextEquiv>
      </TextLine>
      <TextLine id="l99">
        <Coords points="1949,5690 1948,5690 1948,5685 1947,5684 1445,5694 1444,5694 1444,5687 1443,5686 764,5699 762,5697 756,5698 755,5697 282,5706 281,5705 278,5705 276,5704 275,5704 273,5702 272,5702 272,5702 271,5701 271,5700 270,5699 270,5696 269,5695 268,5661 267,5660 267,5655 269,5653 269,5651 270,5650 270,5648 270,5647 271,5647 272,5646 273,5646 275,5644 275,5643 276,5642 277,5642 278,5641 278,5640 281,5637 281,5636 282,5635 283,5634 284,5634 286,5632 287,5632 295,5624 296,5624 297,5623 333,5622 333,5621 333,5607 334,5607 362,5606 362,5606 362,5599 362,5598 363,5599 363,5609 364,5609 1493,5587 1494,5586 1499,5586 1501,5588 1502,5588 1503,5589 1957,5580 1958,5580 1958,5610 1957,5611 1959,5689 1959,5690"/>
        <TextEquiv index="0">
          <Unicode>giert / und gleichwol das Stifft mit neuen</Unicode>
        </TextEquiv>
        <TextEquiv index="1">
          <Unicode>giert / und gleichwol das Stifft mit neuen</Unicode>
        </TextEquiv>
      </TextLine>
      <TextLine id="l100">
        <Coords points="1389,5811 1378,5811 1377,5810 1375,5810 1373,5809 1373,5806 1372,5805 1372,5791 1371,5790 1228,5793 1227,5792 1199,5793 1198,5792 1195,5792 1195,5791 1195,5790 1194,5790 1093,5792 1093,5791 1093,5790 1092,5790 1070,5790 1069,5789 1038,5790 1037,5789 958,5791 957,5790 929,5790 928,5789 873,5790 872,5789 872,5788 871,5787 871,5786 870,5785 765,5787 765,5788 765,5789 764,5789 763,5788 713,5789 711,5787 618,5789 617,5788 616,5788 615,5787 490,5790 490,5790 490,5796 489,5797 489,5805 488,5806 488,5809 487,5811 486,5811 485,5810 484,5810 483,5809 483,5807 483,5807 481,5807 479,5806 479,5792 478,5791 344,5794 343,5795 337,5795 336,5796 328,5796 327,5795 323,5795 322,5794 273,5795 271,5793 271,5791 270,5790 270,5788 269,5787 268,5755 267,5754 254,5754 252,5752 252,5751 253,5749 271,5749 272,5749 272,5733 273,5732 272,5730 274,5728 274,5726 277,5723 279,5723 279,5722 279,5721 282,5719 283,5719 284,5718 286,5718 288,5716 289,5716 290,5715 293,5715 295,5713 296,5713 297,5712 318,5711 319,5710 320,5711 323,5711 324,5712 325,5712 326,5713 360,5712 361,5714 361,5728 362,5728 560,5724 560,5724 560,5719 561,5718 562,5718 563,5717 564,5716 564,5715 565,5714 566,5714 569,5711 571,5711 571,5711 571,5710 572,5709 574,5709 575,5708 576,5708 577,5707 578,5707 578,5708 578,5710 579,5711 580,5728 580,5728 594,5728 595,5729 619,5728 620,5729 779,5726 780,5726 779,5725 780,5724 780,5722 782,5720 782,5719 783,5718 784,5718 787,5715 849,5714 851,5712 852,5712 853,5711 855,5711 858,5708 871,5707 872,5706 875,5706 876,5707 913,5706 915,5708 1011,5707 1013,5709 1014,5708 1015,5709 1016,5709 1017,5711 1018,5731 1018,5731 1035,5731 1036,5732 1074,5731 1075,5732 1095,5732 1096,5733 1146,5732 1148,5734 1263,5732 1264,5731 1288,5730 1289,5729 1364,5728 1365,5727 1364,5718 1365,5717 1365,5715 1366,5715 1373,5714 1373,5714 1373,5713 1375,5711 1375,5710 1377,5708 1382,5708 1383,5707 1390,5707 1391,5708 1393,5708 1395,5710 1396,5723 1396,5724 1488,5722 1490,5720 1491,5720 1492,5720 1492,5719 1492,5718 1493,5718 1494,5717 1496,5717 1497,5716 1550,5715 1556,5709 1559,5709 1560,5710 1560,5712 1562,5714 1563,5720 1563,5721 1669,5719 1670,5718 1671,5718 1672,5717 1742,5715 1742,5715 1742,5707 1743,5706 1744,5706 1745,5705 1749,5705 1749,5705 1749,5704 1750,5703 1750,5702 1751,5701 1752,5701 1753,5700 1755,5700 1756,5699 1758,5699 1759,5698 1762,5698 1763,5697 1764,5697 1766,5699 1767,5699 1768,5700 1768,5701 1770,5703 1832,5701 1833,5702 1948,5700 1948,5700 1948,5693 1949,5692 1949,5691 1950,5690 1959,5690 1959,5690 1959,5711 1958,5712 1959,5762 1958,5763 1959,5797 1959,5798 1950,5798 1949,5798 1949,5788 1948,5787 1948,5779 1947,5778 1873,5780 1871,5778 1787,5779 1787,5780 1787,5787 1784,5790 1784,5793 1783,5794 1780,5794 1779,5795 1779,5796 1778,5798 1775,5798 1774,5799 1772,5799 1771,5798 1770,5798 1769,5797 1768,5797 1766,5795 1765,5795 1764,5794 1764,5793 1763,5792 1763,5781 1762,5781 1750,5781 1748,5779 1674,5781 1673,5780 1545,5782 1545,5783 1545,5784 1544,5785 1544,5786 1543,5787 1543,5789 1541,5791 1541,5792 1540,5793 1540,5798 1540,5798 1539,5798 1538,5799 1538,5800 1538,5800 1537,5800 1536,5801 1536,5803 1536,5803 1532,5803 1530,5802 1530,5800 1529,5799 1529,5786 1528,5785 1401,5788 1401,5788 1401,5804 1399,5807 1398,5807 1397,5808 1396,5808 1394,5810 1393,5810 1392,5811 1391,5811 1390,5812"/>
        <TextEquiv index="0">
          <Unicode>Tempeln und Altärn vermehret / auch die</Unicode>
        </TextEquiv>
        <TextEquiv index="1">
          <Unicode>Tempeln und Altärn vermehret / auch die</Unicode>
        </TextEquiv>
      </TextLine>
      <TextLine id="l101">
        <Coords points="1950,5913 1949,5913 1949,5909 1949,5908 1888,5909 1887,5908 1886,5908 1885,5908 1885,5907 1884,5906 1884,5905 1885,5904 1885,5890 1884,5889 1863,5890 1862,5889 1603,5894 1603,5894 1603,5895 1602,5897 1550,5898 1549,5899 1549,5900 1548,5901 1548,5902 1547,5903 1547,5906 1546,5907 1546,5908 1546,5908 1544,5908 1541,5911 1538,5911 1537,5912 1537,5913 1536,5914 1536,5915 1536,5915 1449,5917 1448,5918 1210,5923 1208,5925 1203,5925 1202,5926 1199,5926 1198,5927 1197,5926 1196,5926 1195,5925 1192,5925 1188,5922 1188,5915 1188,5914 1125,5915 1124,5915 1124,5900 1123,5899 1016,5901 1014,5901 877,5903 875,5902 874,5902 873,5901 869,5901 868,5900 860,5901 857,5898 855,5898 854,5897 853,5897 852,5896 576,5901 576,5902 576,5914 575,5915 575,5919 575,5919 545,5920 544,5921 543,5920 539,5920 538,5919 538,5918 537,5917 443,5919 442,5918 440,5918 439,5917 434,5917 432,5915 432,5914 431,5913 431,5910 429,5909 429,5905 428,5904 322,5906 321,5905 315,5905 314,5904 311,5904 310,5903 307,5903 306,5902 304,5902 303,5901 302,5901 302,5901 300,5899 300,5898 299,5898 297,5898 295,5896 292,5896 286,5890 285,5890 283,5887 283,5886 282,5886 281,5886 277,5882 276,5882 275,5882 275,5880 273,5878 273,5877 272,5876 272,5874 271,5873 271,5866 270,5865 270,5856 269,5855 270,5854 270,5853 271,5852 271,5851 274,5848 274,5847 275,5846 275,5845 277,5842 280,5842 281,5841 281,5836 283,5834 284,5834 285,5833 285,5832 286,5831 287,5831 288,5830 290,5830 291,5829 292,5829 294,5827 297,5827 298,5826 301,5826 303,5823 304,5823 306,5821 308,5821 309,5820 558,5815 559,5814 580,5814 581,5813 585,5813 586,5814 589,5814 591,5816 595,5816 596,5817 596,5818 597,5819 597,5820 599,5822 855,5817 856,5816 879,5815 880,5816 881,5816 882,5817 916,5816 919,5819 987,5818 988,5819 991,5819 991,5819 991,5820 993,5822 1146,5819 1147,5820 1151,5820 1152,5821 1460,5815 1461,5814 1464,5814 1465,5813 1466,5813 1467,5814 1470,5814 1472,5816 1505,5815 1506,5816 1507,5816 1509,5818 1901,5810 1903,5808 1905,5808 1906,5807 1907,5807 1908,5806 1949,5805 1949,5805 1949,5803 1949,5802 1740,5806 1739,5806 1740,5805 1949,5801 1949,5801 1949,5799 1950,5798 1958,5798 1958,5798 1958,5813 1957,5814 1958,5825 1957,5826 1957,5857 1956,5859 1956,5865 1955,5866 1956,5913 1956,5913"/>
        <TextEquiv index="0">
          <Unicode>Schlöſſer und Städte ſehr beveſtigt / und deß</Unicode>
        </TextEquiv>
        <TextEquiv index="1">
          <Unicode>Schlöſſer und Städte ſehr beveſtigt / und deß</Unicode>
        </TextEquiv>
      </TextLine>
      <TextLine id="l102">
        <Coords points="1768,6021 1767,6020 1767,6019 1765,6017 1763,6017 1760,6014 1760,6013 1759,6012 1759,6004 1759,6004 1681,6005 1679,6003 1500,6007 1498,6009 1498,6011 1497,6012 1497,6019 1496,6020 1496,6022 1495,6023 1489,6023 1488,6023 1488,6016 1487,6015 1487,6010 1487,6009 1309,6013 1308,6013 1308,6014 1308,6015 1280,6015 1279,6016 1279,6024 1277,6026 1269,6027 1268,6026 1267,6026 1266,6025 1266,6020 1266,6020 1265,6020 1264,6019 1264,6014 1264,6014 1255,6014 1254,6013 1254,6012 1254,6012 1112,6015 1111,6015 1111,6019 1110,6020 1110,6023 1108,6026 1107,6026 1106,6027 1105,6027 1102,6030 1101,6030 1100,6031 1099,6031 1098,6032 1097,6032 1096,6033 1093,6033 1092,6032 1090,6032 1090,6032 1089,6008 1089,6007 1054,6008 1053,6007 1051,6007 1050,6006 909,6009 907,6010 907,6013 906,6014 906,6016 905,6017 905,6018 905,6019 904,6019 903,6019 903,6020 903,6021 902,6021 900,6023 899,6023 898,6024 894,6024 892,6026 889,6026 888,6025 876,6025 874,6024 874,6023 873,6021 704,6025 702,6027 699,6027 697,6025 697,6022 697,6022 671,6022 669,6020 667,6020 666,6019 664,6019 663,6019 663,6013 663,6012 601,6014 600,6013 600,6010 600,6010 492,6012 491,6013 490,6013 489,6014 430,6015 429,6016 429,6028 426,6031 414,6031 413,6030 409,6030 408,6030 408,6029 406,6027 406,6026 405,6025 276,6027 274,6026 274,6007 273,6006 253,6006 252,6005 252,6004 251,6003 250,5969 248,5967 248,5966 250,5965 273,5964 273,5964 273,5938 274,5937 274,5935 274,5934 274,5933 275,5932 276,5932 276,5932 276,5929 277,5928 279,5928 280,5927 282,5927 283,5926 284,5926 285,5925 298,5925 299,5926 305,5925 306,5926 314,5926 315,5927 317,5927 318,5929 318,5930 320,5931 340,5931 340,5931 340,5932 342,5934 409,5932 410,5933 412,5933 413,5934 419,5934 421,5936 421,5937 422,5938 422,5953 422,5953 612,5949 613,5948 614,5948 615,5947 616,5947 617,5946 618,5946 619,5946 619,5945 619,5944 621,5944 622,5943 623,5943 624,5942 627,5942 628,5941 632,5941 633,5942 773,5939 774,5939 774,5935 776,5933 776,5932 780,5927 781,5927 782,5926 784,5926 784,5926 784,5925 785,5924 785,5923 786,5922 794,5922 795,5923 798,5923 799,5924 800,5924 801,5925 802,5925 803,5926 806,5926 806,5926 806,5928 807,5929 863,5927 863,5928 864,5929 865,5930 865,5938 865,5938 1089,5934 1093,5930 1095,5930 1097,5928 1097,5927 1097,5927 1099,5927 1100,5926 1105,5926 1106,5927 1142,5926 1144,5927 1144,5929 1144,5930 1230,5928 1231,5929 1234,5929 1238,5933 1238,5946 1238,5946 1270,5945 1271,5946 1271,5948 1271,5948 1431,5945 1432,5945 1432,5936 1433,5935 1433,5932 1434,5930 1492,5929 1493,5928 1494,5928 1495,5927 1496,5927 1498,5925 1499,5925 1500,5924 1503,5924 1504,5923 1509,5923 1510,5924 1512,5924 1513,5924 1513,5925 1514,5927 1559,5926 1561,5927 1561,5942 1561,5943 1723,5940 1724,5939 1738,5938 1739,5938 1738,5917 1739,5916 1739,5917 1739,5919 1740,5919 1750,5919 1751,5920 1752,5920 1753,5921 1754,5921 1756,5922 1756,5937 1756,5938 1947,5934 1948,5934 1948,5919 1949,5918 1948,5917 1949,5916 1949,5914 1950,5913 1955,5913 1955,5914 1955,5916 1955,5916 1954,5916 1953,5917 1954,5941 1953,5942 1953,5945 1952,5946 1952,5958 1951,5959 1951,5967 1951,5967 1950,5967 1949,5968 1932,5969 1932,5969 1932,5990 1931,5991 1931,5992 1930,5993 1929,5993 1929,5993 1929,5994 1927,5996 1927,5997 1926,5999 1925,5999 1924,6000 1801,6002 1799,6004 1799,6005 1798,6006 1798,6007 1797,6008 1797,6009 1796,6010 1796,6011 1794,6013 1794,6014 1792,6016 1791,6016 1789,6018 1784,6018 1783,6019 1780,6020 1779,6021"/>
        <TextEquiv index="0">
          <Unicode>Jahrs 1647. folgende Plätze mit ſeinen eignen</Unicode>
        </TextEquiv>
        <TextEquiv index="1">
          <Unicode>Jahrs 1647. folgende Plätze mit ſeinen eignen</Unicode>
        </TextEquiv>
      </TextLine>
      <TextLine id="l103">
        <Coords points="1420,6177 1419,6176 1419,6174 1418,6173 1418,6134 1417,6134 1413,6134 1411,6136 1386,6136 1385,6137 1320,6139 1319,6140 1319,6142 1318,6143 1318,6146 1317,6147 1315,6147 1314,6145 1314,6144 1313,6144 1266,6145 1266,6144 1266,6135 1265,6135 1226,6135 1224,6137 1223,6136 1222,6136 1222,6136 1222,6135 1221,6135 1196,6135 1195,6134 1195,6133 1193,6131 1125,6132 1124,6131 1057,6133 1057,6133 1057,6168 1057,6169 1056,6169 1055,6168 1055,6133 1054,6133 1003,6134 1003,6134 1003,6138 1001,6140 1001,6143 999,6145 997,6145 996,6144 989,6144 988,6143 939,6144 939,6145 939,6168 939,6168 938,6168 937,6168 937,6145 936,6144 914,6145 913,6144 893,6144 893,6143 893,6142 891,6141 890,6141 888,6139 886,6139 885,6138 752,6141 750,6143 749,6143 748,6144 747,6144 745,6146 743,6144 740,6144 739,6143 738,6143 737,6142 736,6133 736,6132 631,6134 629,6133 629,6132 629,6131 608,6132 607,6131 510,6132 509,6133 508,6134 505,6131 445,6132 444,6131 444,6128 444,6128 357,6129 356,6130 356,6131 355,6133 350,6133 349,6134 314,6134 313,6135 312,6135 311,6136 288,6137 287,6137 288,6143 286,6145 283,6145 281,6143 279,6143 278,6142 277,6142 275,6140 273,6085 273,6084 260,6084 258,6083 260,6081 276,6081 276,6081 276,6056 277,6055 277,6053 278,6051 279,6051 280,6050 280,6048 281,6047 281,6046 281,6046 282,6046 283,6045 284,6045 289,6040 290,6040 292,6038 293,6038 294,6037 295,6037 296,6036 298,6036 299,6035 300,6035 301,6034 340,6033 341,6032 346,6032 347,6030 347,6029 348,6029 351,6029 353,6031 361,6030 362,6031 363,6031 364,6032 417,6031 417,6032 418,6041 418,6041 421,6041 422,6042 501,6041 503,6039 504,6039 506,6041 511,6040 512,6041 512,6043 512,6043 521,6043 522,6044 523,6044 525,6046 525,6047 526,6048 526,6056 527,6057 527,6061 528,6061 573,6060 574,6062 574,6063 575,6063 662,6061 662,6061 662,6051 663,6049 664,6049 665,6048 668,6048 669,6048 669,6047 670,6045 671,6045 673,6043 674,6043 677,6040 679,6040 680,6039 758,6038 759,6037 766,6036 769,6039 771,6039 773,6041 774,6041 775,6042 775,6052 775,6052 866,6050 867,6051 868,6051 869,6052 869,6053 870,6054 870,6056 871,6056 965,6055 965,6054 965,6045 966,6043 971,6043 973,6041 975,6041 977,6039 985,6039 986,6040 989,6040 990,6041 991,6041 992,6042 1069,6040 1070,6039 1071,6039 1073,6041 1074,6041 1076,6043 1076,6055 1077,6055 1167,6054 1167,6053 1167,6052 1169,6050 1169,6049 1170,6047 1171,6047 1172,6047 1172,6046 1173,6045 1173,6044 1176,6040 1177,6040 1178,6039 1180,6039 1181,6039 1181,6038 1181,6037 1189,6037 1190,6036 1198,6036 1199,6037 1202,6037 1203,6038 1204,6038 1205,6039 1235,6038 1236,6039 1237,6039 1238,6040 1238,6042 1238,6042 1264,6042 1266,6043 1266,6062 1267,6063 1342,6061 1344,6059 1352,6059 1352,6058 1352,6052 1354,6050 1354,6048 1357,6045 1357,6044 1357,6044 1358,6044 1361,6041 1362,6041 1366,6037 1369,6037 1370,6036 1386,6035 1387,6036 1421,6036 1422,6037 1423,6037 1424,6037 1425,6037 1426,6038 1426,6043 1426,6043 1504,6042 1505,6041 1505,6038 1505,6038 1506,6039 1507,6039 1508,6039 1508,6052 1509,6053 1553,6052 1553,6051 1553,6033 1553,6033 1555,6034 1555,6051 1556,6052 1565,6052 1566,6053 1585,6052 1585,6052 1585,6045 1585,6044 1586,6045 1586,6052 1587,6052 1625,6052 1627,6054 1711,6052 1711,6051 1711,6040 1712,6039 1714,6039 1719,6034 1720,6034 1722,6032 1722,6031 1722,6031 1725,6031 1726,6030 1729,6032 1729,6033 1729,6034 1806,6032 1807,6031 1808,6031 1810,6029 1812,6029 1813,6028 1816,6028 1817,6027 1820,6027 1821,6026 1824,6026 1825,6027 1828,6027 1829,6028 1830,6028 1831,6029 1866,6028 1868,6029 1868,6049 1869,6050 1883,6049 1883,6050 1883,6052 1884,6052 1901,6052 1903,6055 1903,6060 1904,6060 1931,6060 1931,6060 1931,6061 1933,6063 1932,6064 1933,6086 1932,6087 1932,6089 1930,6091 1929,6091 1928,6092 1927,6092 1927,6092 1927,6093 1926,6094 1924,6094 1924,6094 1924,6095 1921,6098 1921,6099 1917,6103 1917,6104 1912,6109 1912,6110 1909,6113 1909,6114 1909,6115 1883,6116 1881,6118 1858,6118 1855,6121 1855,6122 1854,6124 1854,6126 1852,6127 1756,6129 1756,6130 1756,6134 1753,6136 1752,6136 1749,6139 1741,6139 1740,6140 1739,6140 1738,6139 1734,6139 1733,6138 1732,6138 1732,6138 1732,6137 1730,6135 1730,6134 1729,6133 1729,6129 1728,6128 1728,6125 1727,6124 1726,6122 1726,6122 1628,6124 1627,6125 1626,6125 1626,6125 1626,6127 1625,6128 1624,6128 1623,6126 1623,6125 1622,6125 1545,6126 1545,6127 1545,6152 1545,6152 1544,6152 1544,6127 1543,6126 1467,6128 1467,6128 1467,6130 1466,6131 1465,6131 1465,6131 1465,6132 1464,6133 1421,6134 1421,6134 1421,6176 1421,6177"/>
        <TextEquiv index="0">
          <Unicode>Völckern beſetzt gehabt; Als / Andernach / Ar⸗</Unicode>
        </TextEquiv>
        <TextEquiv index="1">
          <Unicode>Völckern beſetzt gehabt; Als / Andernach / Ar⸗</Unicode>
        </TextEquiv>
      </TextLine>
      <TextEquiv>
        <Unicode/>
      </TextEquiv>
    </TextRegion>
    <TextRegion id="r3" type="signature-mark">
      <Coords points="2790,6269 2790,6066 2984,6066 2984,6269"/>
      <TextEquiv>
        <Unicode/>
      </TextEquiv>
    </TextRegion>
    <TextRegion id="r4" type="header">
      <Coords points="485,240 3376,211 3376,413 2067,422 1205,430 1169,444 1131,431 620,436 581,447 535,437 487,437 485,237"/>
      <TextEquiv>
        <Unicode/>
      </TextEquiv>
    </TextRegion>
    <TextRegion id="r5" type="catch-word">
      <Coords points="3225,6269 3225,6060 3682,6060 3682,6269"/>
      <TextEquiv>
        <Unicode/>
      </TextEquiv>
    </TextRegion>
    <TextRegion id="r6" type="page-number">
      <Coords points="3471,402 3471,242 3646,242 3646,402"/>
      <TextEquiv>
        <Unicode/>
      </TextEquiv>
    </TextRegion>
  </Page>
</PcGts>
