3870 6490
1871 355 3709 507 Kemnitz im 2. Theil vom Schwediſchen Krieg
1873 493 3710 620 berichtet. Es muß aber gleichwol dieſe Stadt
1874 601 3711 732 ſo gar unbewehrt nicht gelaſſen worden ſeyn /
1875 713 3712 840 weiln noch in dieſem 33. Jahr deß Gegentheils
1875 827 3713 954 Obriſter Grimberger / Commendant allhie /
1876 938 3714 1064 den Schwediſchen zu Mengerskirchen einge⸗
1877 1052 3715 1174 fallen / auch ihnen / den Schwediſchen / im
1878 1164 3716 1295 Chriſtmonat / ihr Anſchlag auff dieſes Ander⸗
1879 1277 3717 1401 nach übel bekommen iſt. Als im Jahr 1642.
1880 1384 3718 1511 die Frantzoſen und Weymariſchen im Stifft
1881 1504 3719 1630 Cöln ſich befunden / ſeyn die Hatzfeldiſchen
1882 1614 3720 1740 durch die Wetterau auff Kirchheim / Fried⸗
1883 1725 3721 1849 berg / Uſingen / durch den Cambergiſchen
1884 1835 3722 1964 Grund / von dannen auff Limpurg / Monta⸗
1885 1952 3723 2077 bur / Andernach / und fürters abwarts gegan⸗
1886 2061 3724 2189 gen. Anno 1646. hat der Frantzöſiſche Mar⸗
1887 2173 3725 2302 ſchall von Touraine dieſe Stadt beſchoſſen;
1888 2287 3726 2451 gleichwol die Belagerung bald wieder auffge⸗
1889 2410 2161 2541 hebt.
1890 2484 3728 2641 Es ligt bey Andernach über die Veſtung
1891 2622 3729 2751 Hammerſtein / ſo auch Cölniſch / nemlich /
1892 2736 3730 2853 das veſte Schloß / ſampt einem Flecken oder
1893 2842 3731 2962 Städtlein / wie theils ſagen; die auch Ludels⸗
1894 2954 3732 3086 dorff und Feldkirch in dieſer Gegend gele⸗
1895 3072 3733 3191 gen / Städtlein heiſſen; Zu Ludelsdorff iſt ei⸗
1896 3181 3734 3295 ne Capell / ſo wegen deß heiligen wunderwir⸗
1897 3289 3735 3406 ckenden Creutzes / wie ein Catholicus berich⸗
1898 3401 3736 3516 tet / ſehr berühmt iſt. Nicht weit hievon iſt das
1899 3507 3737 3631 Schloß Wied gelegen / ſo von dem fürüber
1900 3623 3738 3743 flieſſenden Wäſſerlein / den Namen hat / und
1901 3738 3739 3853 das Haupt dieſer Grafſchafft iſt; davon Fre-
1902 3849 3740 3966 herus part. 2. Origin. Palat. cap. 15. fol. 78. zu
1903 3959 3741 4075 leſen. Ein Meil Wegs von Andernach ligt ein
1904 4065 3742 4193 Saurbronnen / Pönterborn genannt / welcher
1905 4185 3743 4301 mit einem ſolchen Getöß herfür quillet / daß
1906 4295 3744 4414 man ſolches auff etliche Schritt davon hören
1907 4407 3745 4526 kan. Und ob er wol ſehr kalt / ſo brodelt er doch /
1908 4512 3746 4639 und erhebt ſich wie ein ſiedheiſſes Waſſer. Iſt
1909 4630 3747 4752 den Bauersleuten ſehr lieb / welche er / wann ſie
1910 4743 3748 4860 von Alter und Arbeit müde / und mit Hitz und
1910 4845 3749 4976 Durſt beladen ſeyn / wunderlich erquicket. Es
1911 4968 3750 5084 hat in der Nachbarſchafft auch andere Sauer⸗
1912 5081 3751 5204 brunn / darunter der Heylbrunn iſt / welcher
1913 5193 3752 5315 nichts unſaubers und unflätiges / als Pulver
1914 5306 3753 5429 oder dergleichen etwas / wann man es hinein
1915 5419 3753 5542 wirfft / leidet; ſondern ſolches im Auffſieden al⸗
1916 5529 3754 5656 ſobalden außwirfft. Ja / wa man ihn im Be⸗
1917 5643 3755 5765 cher auf einen Wein gieſſet / ſo macht er ein Ge⸗
1918 5754 3756 5875 töß / mit ein wenig Schaum / als ob er mit dem
1919 5859 3757 5992 Wein ſtritte; welches in den meiſten andern
1920 5976 3758 6104 Sauerbrunnen / die mit dem Wein gemiſcht
1921 6094 3760 6236 werden / nicht zu geſchehen pflegt. Er ſteigt in
882 430 1263 593 Alpen.
421 561 1907 707 In Städtlein in der Gegend Santen /
419 680 1910 813 Bißlich / Burick / und deß berühmten
267 786 1914 933 Cloſters Camp gelegen / ſo Chur⸗Cölniſch zu
271 892 1918 1046 ſeyn geachtet wird. Anno 1641. haben die Heſ⸗
265 1018 1916 1160 ſiſchen dieſes Städtlein eingenommen / und
267 1149 822 1270 etwas beveſtigt.
744 1265 1421 1432 Andernach.
444 1413 1915 1542 Tadt / Schloß und Zoll am Rhein / allda
442 1537 1937 1654 eine Probſtey / ſampt der H. Genevevæ
259 1638 1921 1768 Kirche. Es ſtehet ein kleine Meil über dieſem
265 1752 1924 1872 Ort / am Coblentzer Weg / ein weiſſer Thurn /
264 1862 1931 1990 allda ſich das Cölniſche Land vom Trieri⸗
265 1972 1934 2102 ſchen / und das Niderland vom Oberland ſchei⸗
268 2082 1933 2209 det; wie zwar Quade / in Teutſcher Nation
264 2198 1934 2324 Herrlichkeit (anderer Meynungen hiedurch
273 2304 1958 2435 nichts benommen) redet. Es gedencken dieſes
274 2418 1962 2549 Antonaci, oder Antoniaci, oder Antunaci,
277 2527 1963 2653 Antennaci, die Notitia Imperii, und das Iti-
280 2635 1966 2761 nerarium Antonini. Ligt in der Ebne / und
279 2745 1969 2877 iſt mit fruchtbaren Bergen umbgeben; allda
281 2856 1971 2983 man ſchöne Krüg machet. Wie man berichtet /
290 2969 1953 3096 verehren die Andernacher den Kaiſer Valen-
289 3076 1977 3198 tinianum, als einen heiligen Ma / und Stiff⸗
254 3194 1978 3308 ter ihrer Kirchen / der auch allda begraben ligen
294 3302 1954 3419 ſolle. Wird aber nicht gemeldet / ob es der erſte /
290 3411 1949 3524 oder andere dieſes Namens. Der dritte kans
285 3515 1946 3640 nicht ſeyn / dann derſelbe ein gottloſer Menſch
284 3634 1975 3749 geweſen / und zu Rom umbkommen iſt. So
290 3746 1974 3863 ſeyn die zween erſten zu Conſtantinopel begra⸗
280 3855 1973 3968 ben worden; daß alſo einer derſelben / erſt in
219 3967 1971 4084 nachfolgenden Zeiten hieher gebracht ſeyn mü⸗
287 4077 1969 4189 ſte ;wann er allda ligen ſolte. In der Trieri⸗
296 4189 1968 4302 ſchen Chronick ſtehet / Ertzbiſchoff Johannes
281 4295 1966 4415 der Anno 1212. geſtorben / habe das Jus Pa-
280 4408 1965 4525 tronatus der Pfarrkirchen zu Andernach / und
282 4521 1963 4651 den Hof daſelbſt / mit allen Zugehörden / wie
286 4632 1948 4747 auch den Hof zu Nidernberg erkaufft. Anno
223 4745 1948 4860 1632. im Herbſt iſt dieſe Chur⸗Cölniſche
300 4855 1950 4968 Stadt Andernach von dem Schwediſchen
293 4963 1950 5077 General Baudiſſin / mit Gewalt erobert und
289 5077 1947 5198 außgeplündert. Anno 1633. haben die Spani⸗
292 5187 1961 5307 ſchen Andernach belagert / und etliche Tag be⸗
274 5299 1961 5422 ſchoſſen. Als aber Herr Pfaltzgraf Chriſtian /
289 5412 1961 5531 Birckenfeldiſcher Lini / und General Baudiſ⸗
289 5522 1961 5647 ſin / zum Entſatz dahin im Anzug geweſen /
253 5636 1961 5757 ſeyn die Spaniſchen nit mit geringem Scha⸗
290 5751 1961 5870 den wieder abgezogen. Hierauff hat der Herr
290 5854 1961 5982 Pfaltzgraf die Soldaten / neben allem Ge⸗
286 5968 1961 6098 ſchütz herauß genoen / die Werck und Thür⸗
263 6083 1961 6233 ne verderbt / und alſo leer ſtehen laſſen; wie
