3870 6490
863 3003 1330 3164 Beelick.
457 3901 1928 4020 In Schloß / nächſt bey Lechenich / im Cöl⸗
452 4011 1929 4130 niſchen / ſo die Kaiſeriſchen umb den 26.
306 4120 1931 4245 Aprilen / deß jahrs 1644. den Heſſiſchen auff
305 4232 1932 4381 Gnad und Ungnad wieder abgenommen ha⸗
305 4354 667 4486 ben.
752 3695 1468 3890 Berghauſen.
510 4598 1942 4743 An hat vorzeiten die jenige Ubios, ſo
431 4729 1944 4853 zwiſchen dem Rhein / der Maas and
235 4810 1945 4975 Moſel gewohnt / die Ripuarios, und Ripario-
237 4950 1946 5080 los genannt; denen die Städte Cöln / Ander⸗
239 5051 1948 5183 nach / Bonn / Rimägen / Deuren / Gülch /
240 5166 1949 5299 Neuß / Zulich und Aach / gehört haben. Es
241 5278 1951 5405 laufft durch der Ripuarier Landſchafft die
243 5388 1952 5514 Ahr / oder Ara, welcher Fluß beym Städtlein
244 5497 1954 5629 Sintzig in den Rhein fällt / und an deme etliche
246 5602 1955 5738 nicht geringe Städtlein und Schlöſſer / und
247 5712 1956 5849 unter denſelben Aldenaar / und Neuenaar /
249 5829 1958 5953 mit dem Grafen⸗Titul / ligen / ſo zum theil vom
250 5935 1959 6062 Hauß Pfaltz zu Lehen rühren; und welche
251 6037 1961 6209 Grafſchafft von dem beſagten Waſſer Aar /
906 4438 1308 4600 Bonn.
1922 411 3566 532 das dardurch flieſſet; wie auch das Schloß
1923 523 3572 646 Arburg / und der Fleck Arwyler / und nicht von
1926 642 3571 753 den Adlern / ſo man auch Aaren nennet / wie
1926 749 3570 865 theils vorgeben / den Namen bekommen. Es iſt
1928 856 3550 975 auß den Grafen von Neuenaar / Graf Her⸗
1927 970 3625 1085 man / ein ſehr gelehrter Herr / und Dom⸗
1926 1075 3556 1197 Probſt zu Cöln und Aach geweſen: Wie hie⸗
1926 1194 3560 1324 von mit mehrerm beym Frehero part. 2. Ori-
1926 1305 3006 1420 gin. Palatin. cap. 8. zu leſen.
1926 1390 3618 1527 So viel aber obgedachtes Bonn anbelan⸗
1927 1521 3544 1631 get / ſo iſt ſolches die Reſidentz⸗Stadt deß
1928 1629 3556 1740 Herrn Churfürſten zu Cöln. Iſt ein ſchöne
1928 1739 3553 1856 luſtige wolerbauete / und in der Ebne gelegene /
1929 1846 3560 1960 auch zimlich veſte Stadt / darinn die Haupt⸗
1929 1956 3564 2070 kirch / ſampt dem Churfürſtlichen Schloß in⸗
1945 2066 3559 2181 ſonderheit wol zu ſehen. Und müſſen die den
1932 2171 3558 2291 Rhein gebrauchende Schiffleut / und andere /
1945 2278 3551 2400 im fürüber fahren da den Zoll geben. Der heili⸗
1934 2388 3555 2507 ge Maternus ſolle bald nach der Apoſtel Zeit /
1943 2501 3562 2614 allhie gelehrt / und deß Mercurii, den die Teut⸗
1940 2607 3564 2723 ſchen Ubii angebätet / Altar und Bildnuß / da⸗
1945 2718 3574 2833 her dieſe Stadt etwan Ara Ubiorum geheiſ⸗
1934 2826 3571 2941 ſen / umbgeſtoſſen haben. Es hat umb die
1945 2934 3571 3052 Stadt herumb ein ſchönes Träidland / ſchöne
1942 3052 3564 3158 Gärten / allerley Früchte / und einen guten
1940 3154 3561 3272 Weinwachs; daher auch der Nam ſo viel / als
1942 3265 3571 3383 ein guter Sitz oder Lager / und Wohnung be⸗
1944 3373 3573 3488 deutet; allda der Römiſche Feldherr Druſus,
1946 3477 3562 3603 unter dem Kaiſer Auguſto, ein Caſtell allhie
1947 3585 3563 3711 erbauet / darauß folgends eine Stadt worden /
1945 3700 3566 3837 die Kaiſer Julianus beveſtiget hat. Es werden
1950 3819 3066 3934 dieſe Vers von ihr geleſen:
1946 3898 3576 4056 Bonna ſolum fœlix, celebris locus, incly-
2140 4044 2866 4154 tatellus,
1995 4118 3570 4265 Florida Martyrio, terra ſacrata Deo,
1942 4248 3574 4400 Exulibus requies, aſylum mite fuiſti
2019 4355 3575 4483 Semper, Externi te reperere ſuam.
1943 4468 3577 4591 Hat einen ſchönen Marckt und herrlichen
1944 4580 3576 4698 Brunnen. Das groſſe Rheingebirg ſo von
1944 4688 3579 4813 Bingen / biß an dieſe Stadt / den Rhein zu bey⸗
1947 4801 3580 4930 den Seiten einfaſſet / thut ſich allhie wieder⸗
1946 4908 3574 5036 umb verziehen / und macht ein hüpſche Ebne;
1946 5021 3580 5143 wie davon Munſterus lib. 5. c. 166. zu leſen.
1947 5130 3579 5258 Es gibt auch luſtige Jagten herumb: und iſt
1947 5239 3580 5365 die Lufft da geſund. Obgedachte Hauptkirch
1948 5353 3578 5474 hat ein Stifft / und ihre Domherrn / darinn et⸗
1964 5461 3577 5583 licher heiliger Märtyrer Cörper / auß der
1963 5566 3579 5698 Thebeiſchen Legion / ſo als Chriſtliche Sol⸗
1965 5675 3579 5808 daten / unter dem Kaiſer Maximino allhie
1950 5786 3582 5919 ertappt und getödtet worden / als deß Pii
1951 5899 3584 6019 Caſſii, Florentii, und Maluſi, mit ihren
1957 6007 3585 6159 Geſellen ruhen; deßwegen auch ſolche Kirch
222 424 1918 552 die Naſen und Hirn; und wird von den In⸗
223 532 1918 662 wohnern und Benachbarten dieſer Landsart /
223 642 1919 768 wo er entſpringet / zum täglichen Getranck ge⸗
224 754 1919 878 braucht / und iſt wider viel Kranckheiten nutz⸗
224 865 1920 995 lich; wie Johannes Guintherius Anderna-
225 974 1920 1111 cus de balneis, & aquis medicatis, an dem
226 1099 989 1210 134. Blat / ſchreibet.
799 1197 1459 1375 Arensberg.
453 1352 1902 1477 In Stadt / Schloß / und vornehme Graf⸗
454 1465 1907 1586 ſchafft in Weſtphalen / an der Ruhr / dem
302 1580 1900 1701 Ertzſtifft Cöln gehörig; davon in der Topo-
304 1692 1903 1810 graphia Weſtphaliæ; wie dann daſelbſten alle
303 1800 1902 1915 dieſem Churfürſtenthumb gehörige Weſt⸗
298 1907 1903 2034 phäliſche Oerter einkommen ſeyn / ſo allhie bey
297 2020 1691 2138 dem erſten zu vermelden geweſt iſt.
258 2269 1926 2452 In kleines Städtlein im Niedern Stifft
454 2426 1927 2558 Cöln / dabey nahend S. Joachims⸗
261 2537 1929 2679 berg liget; wie Gelenius berichtet. Sonſten
263 2647 1931 2777 iſt ein Beber / oder Bedbur in dieſer Lands
265 2759 1932 2893 Gegend / ſo Salmiſch; davon in der Topo-
266 2862 1934 3026 graphia Weſtphaliæ Bericht geſchehen iſt.
854 2158 1331 2309 Bebbur.
452 3155 1931 3296 In Städtlein im Hertzogthumb Weſt⸗
449 3283 1932 3406 phalen / an dem Mön / dem Ertzstifft Cöln
270 3385 1934 3522 gehörig; davon in der jetztgedachten Weſt⸗
272 3508 1936 3651 phäliſchen Oerter⸗Beſchreibung pag. 74. a.
273 3630 785 3738 zu leſen.
