3870 6490
1950 425 3647 555 N. Calenders Nachmittag / das vor ſelbiger
1952 536 3640 658 Stadt gelegene Stifft / die Kirche / neben an⸗
1956 654 3640 775 dern Höfen und Häuſern / Müllem genannt /
1956 761 3638 888 in Brand geſteckt / weil die Zeit zu kurtz gewe⸗
1954 872 3636 998 ſen ſolche abzubrechen / und die Kaiſerl. Infan⸗
1949 982 3639 1106 terie 15000. Mann ſtarck / ſampt dem Ge⸗
1945 1091 3635 1218 ſchütz / und 150. Schiffen oberhalb der Stadt
1944 1208 3633 1325 zu Blittersdorff / Rungsdorff / und in der
1943 1316 3636 1444 Gronau ankommen. Hierauff rückten die
1942 1423 3628 1558 Kaiſerl. den 4. Novembr. in rechter Schlacht⸗
1941 1538 3630 1670 ordnung vor die Stadt / und machten den
1965 1651 3623 1779 Anfang zur Belägerung / wie ſie dann noch
1940 1762 3623 1884 ſelbige Nacht derſelben ernſtlich zuſetzten. Den
1939 1877 3621 1997 11. in der Nacht geſchahe der erſte Sturm von
1939 1984 3621 2114 den Holländern (welche / wie auch die Spani⸗
1938 2093 3620 2218 ſche zu den Kaiſerl. geſtoſſen) und wurde ein
1938 2206 3612 2334 halber Mond erobert / wobey einige Mann⸗
1942 2314 3618 2446 ſchafft / und unter andern hohen Officirern
1935 2428 3616 2551 der Herr Graf von Königsmarck / mit einem
1935 2529 3615 2662 Stein am Haupt verletzt / todt geblieben. Den
1934 2653 3614 2778 12. 2. dieſes in der Nacht / ſolte der zweyte
1933 2749 3612 2892 Sturm geſchehen / es haben ſich aber die Be⸗
1932 2869 3606 2995 lagerte / nachdem die Kaiſerl. neben den Hol⸗
1932 2976 3607 3103 ländern die Sternpfort / und 3. Bollwerck er⸗
1933 3088 3608 3221 obert / nach ſiebentägiger Belagerung erge⸗
1933 3196 3609 3326 ben; Und ſind den 13. 3. die Frantzoſen und
1929 3299 3606 3442 Chur⸗Cölniſchen in 1200. ſtarck / mit fliegen⸗
1928 3418 3605 3553 den Fahnen / offentlichem Trommelſchlag / 2.
1927 3522 3605 3672 Geſchütz und Bagage außgezogen / und nach
1927 3625 3601 3772 Neuß ſicher begleitet worden. Hierauff wur⸗
1926 3748 3597 3888 den Ihr Excell. Herr Marquis de Grana mit
1925 3861 3596 4004 ſeinem gantzen Regiment hinein gelegt / und
1924 3971 3594 4102 und funden darinn 150. Stück Geſchütz / neben
1923 4082 3596 4219 vielem Proviant und Munition / ingleichem
1922 4186 3593 4332 für 30000. Soldaten / Röcke / Strümpff /
1922 4298 3591 4437 Schuh und Stieffel. Es ligt nicht fern von
1921 4415 3588 4554 hinnen das Schloß Poppelsdorff / dabey ein
1921 4518 3587 4673 Fleck ligen ſolle: Item das Schloß Godes⸗
1919 4632 3585 4785 berg / oder Godesburg / auff einem hohen
1918 4750 3582 4898 und gähen kieſechten Berg / ſo Anno 1583. in
1918 4855 3585 5005 dem Cölniſchen Krieg von den Bayriſchen
1916 4966 3580 5116 erobert worden. Man vermeynet / daß der für⸗
1914 5078 3578 5228 nehmſte Tempel deß obgedachten Heydni⸗
1911 5188 3578 5339 ſchen Abgotts Mercurii, vorzeiten allhie /
1909 5305 3579 5456 nemlich / ein Meil von Bonn / gegen Mittag⸗
1908 5414 3574 5556 werts / geſtanden; daher noch dieſer Ort den
1905 5512 3572 5674 Namen / gleichſam Gottes⸗Berg / oder Burg
1902 5636 3634 5775 habe. Dann die alten Teutſchen vor an⸗
1898 5748 3567 5898 dern Götzen inſonderheit den Mercurium,
1896 5860 3566 6007 wie Tacitus bezeuget / verehret / und ihme auch
1896 5973 3575 6152 zu gewiſſen Tägen / Menſchen geopffert ha⸗
1899 6086 2248 6179 ben.
298 414 1955 549 ſtattliche Freyheiten hat; die ihr S. Helena, als
300 543 1957 654 derſelben Erbauerin zuwegen gebracht haben
310 652 1959 766 ſolle. Beſihe aber was hievon P. Bertius in
315 763 1961 875 dieſer Stadt Beſchreibung; und von dem
317 873 1963 993 obgedachten Namen / Ara Ubiorum, Juſtus
310 983 1962 1100 Lipſius in notis lib. 1. Annalium Taciti (wel⸗
301 1098 1956 1209 cher / wie auch Ptolemæus, Florus, Antoni-
306 1205 1949 1318 nus, und die Tabula Peutingeriana, dieſes
302 1317 1945 1430 Orts gedencken) fol. 26. erinnern: Von dieſer
302 1424 1946 1539 Stadt aber ſelbſten auch den G. Braunen /
295 1534 1943 1651 im zweyten Theil ſeines Städtbuchs / und
287 1647 1942 1763 Caſp. Ens, in deliciis apodemicis per Ger-
283 1754 1942 1874 maniam, p. 134. Die Jeſuiter haben allhie
278 1869 1943 1981 auch ein Collegium. Unter Kaiſer Carolo
289 1976 1943 2096 Craſſo haben die Nordmannen die Stadt
284 2081 1945 2205 Bonn / ſampt Cöln und den umbligenden
279 2198 1946 2316 Caſtellen / Tulbiack und Neuß mit Feuer / und
280 2312 1946 2430 in andere weg verderbet. König Johannes auß
269 2424 1944 2536 Böhmen hat ſie einmals belägert. Anno 1584.
269 2533 1943 2646 ward ſie von deß abgeſetzten Ertzbiſchoffs
271 2638 1936 2760 Gebhardi zu Cöln Soldaten / ſeinem Nach⸗
265 2746 1938 2866 folger / Churfürſten Erneſto, gegen vier tau⸗
267 2858 1938 2978 ſend Thaler / übergeben. Als Anno 1587.
270 2969 1936 3087 durch Liſt und Anſchraubung einer Petar⸗
268 3078 1935 3190 den bey der Rheinpfort / durch Martin Schen⸗
276 3183 1920 3300 cken von Neydeck / deß abgeſetzten Ertzbi⸗
274 3295 1931 3418 ſchoffs Gebhardi zu Cöln Feldmarſchalln /
278 3412 1930 3527 eingenommen; aber darauff / noch im ſelbigen
263 3514 1929 3639 Jahr / vom Hertzogen zu Parma belägert /
274 3628 1927 3744 und im folgenden 1588. den 28. Septembris /
268 3730 1925 3859 N. Calenders / mit Beding erobert / und dem
263 3846 1924 3969 neuen Churfürſten / Herrn Erneſto, Hertzo⸗
267 3959 1923 4075 gen in Beyern / zugeſtellet. Anno 1645. wur⸗
272 4063 1921 4186 den umb Bonn etliche Dörffer und Höfe in
271 4172 1920 4303 Brand geſteckt / auch das Städtlein Me⸗
268 4263 1919 4401 ckenheim petardirt / außgeplündert / und dar⸗
266 4390 1902 4519 innen ein groſſer Vorrath an Früchten / von
267 4503 1906 4623 den Heſſiſchen / gefunden. Anno 46. ſchantz⸗
267 4617 1903 4736 te man gar ſtarck zu Bonn / und ward ander⸗
264 4721 1902 4849 ſeits Rheins / gegen Bonn über / ein groſſes
265 4831 1896 4960 Werck / darein man auff den Nothfall ein
265 4942 1895 5071 gantzes Kriegsheer legen könte / abgeſtochen;
262 5054 1893 5183 welches denen daſelbſt ligenden Weingärten
262 5160 1910 5289 groſſen Schaden / und unter dem intereſſirten
261 5272 1888 5404 Hauffen / Weheklagen verurſachte; Wie im
263 5380 1887 5512 Tomo 5. Theatri Europæi ſtehet. In dieſem
259 5493 1906 5624 noch währenden Krieg iſt es nebenſt den Cöl⸗
258 5605 1905 5745 niſchen mit Frantzoſen beſetzt geweſen / im
255 5710 1904 5852 Jahr 1673. welche / als ſie ſich einer Belage⸗
250 5829 1903 5972 rung von der Kaiſerlichen Armee unter Ihr
249 5931 1902 6076 Excell. dem Herrn General Lieutenant Mon⸗
247 6046 1900 6206 tecuçuli befürchtet / haben ſie den 2. Novembr.
