3870 6490
2547 4077 3035 4242 Dahlen.
2123 1596 3617 1734 In Land⸗Stadt im Stifft Cölln / zwi⸗
1950 1729 3615 1830 ſchen den Städten Cölln / und Bonn / und
1950 1835 3622 1950 eine Meil vom Rhein abgelegen / allda ein Zoll
1950 1945 3621 2057 iſt. Das Schloß / darinn bißweilen der Herr
1950 2055 3617 2173 Churfürſt Hoff hält / iſt ſchön und veſt / und
1950 2171 3620 2279 im Jahr 1298. erbauet worden; und ligt ein
1950 2270 3616 2392 Thiergarten darbey. Hat Anno 1318. ein
1950 2388 3613 2500 vier Monatliche Belägerung von den Cöll⸗
1950 2497 3613 2607 nern außgeſtanden. Die Collegiatkirch all⸗
1950 2605 3614 2722 hie / iſt An. 1491. vom Ertzbiſchoff Hermann
1950 2717 3618 2829 angeordnet worden / wie Matth. Quade, in
1950 2822 3618 2938 teutſcher Nation Herrlichkeit ſchreibet. In
1950 2929 3614 3047 dem Krieg / den der Graff von der Marck / mit
1950 3043 3612 3159 dem Biſchoff von Cölln / im Jahr 1391. füh⸗
1950 3155 3621 3267 rete / wurden der Cöllniſchen vor dem Brolle /
1950 3265 3617 3378 mehr dann dreyſſig erſchlagen; wie in der Lim⸗
1950 3374 3614 3487 purgiſchen Chronick / am 49. Blat / ſtehet.
1950 3481 3615 3588 Anno 1647. den 25. Auguſti / alten Calen⸗
1970 3587 3608 3703 ders / ward Broel in der Nacht von den Heſſi⸗
1971 3697 3652 3811 ſchen / auß Neuß überſtiegen / und geplündert;
1967 3808 3610 3943 aber das Schloß von den Cöllniſchen er⸗
1966 3930 2208 4035 halten.
425 2761 1942 2881 In Dorff und Manns⸗Abbtey / Bene⸗
418 2875 1930 2983 dictiner Ordens / zu S. Nicolao und Me-
271 2985 1931 3098 dardo: die Pfaltzgraff Ezzo / oder Erenfridus,
269 3096 1901 3207 ein Sohn des Pfaltzgraffens Hermanni Pu
269 3203 1926 3315 ſilli, und ſeine Gemahlin Mathildis, Käy⸗
268 3311 1928 3428 ſers Ottonis des Andern / Tochter / Anno
278 3421 1921 3537 1024. geſtifftet; ihre Tochter aber / die Köni⸗
263 3535 1915 3648 gin Richeza in Polen / als ſie auß Polen ent⸗
265 3644 1920 3753 weichen müſſen / verbeſſert haben; welche
270 3755 1921 3861 Stiffter / wie auch Hertzog Otho in Schwa⸗
261 3862 1920 3974 ben / ein Bruder der beſagten Königin / und deß
265 3973 1915 4085 Ertzbiſchoffs Hermani II. zu Cölln / darinn
262 4081 1916 4199 begraben ligen. Man weiſet allhie die Spi⸗
261 4191 1918 4309 tze von dem Speer / und etwas von der Dornen
264 4300 1919 4417 Cron Chriſti; auch in deß Kloſters Garten /
259 4413 1917 4530 eine ſehr ſtattliche alte Gedächtnuß / nemblich
257 4519 1917 4639 einen grünenden Maulbeerbaum / welchen der
259 4633 1918 4754 Pfaltzgraff Ehrenfried / vor ſo viel hundert
257 4743 1930 4862 Jahren / zur Gedächtnuß deß H. Ulrici, Bi⸗
259 4854 1914 4967 ſchoffs zu Augſpurg / auß einem dürren Aeſt⸗
259 4961 1917 5075 lein / das in deß beſagten H. Ulrichs Händen zu
257 5071 1911 5189 grünen angefangen / geſetzt / oder gepflantzet
258 5180 1902 5298 hat; wie Gelenius lib. 3. de Magnitud. Colo-
259 5289 1905 5411 niæ, Syntagm. 15. pag. 388. berichtet. Ligt
256 5396 1905 5517 eine Meil von Cölln / und hat in ſelbiger Stadt
259 5514 817 5627 einen Hoff.
2549 5469 3009 5688 Geſeke.
276 2580 1923 2737 Brawiler / oder Brunovillare.
1933 4253 3715 4383 In geweſtes feines Städtlein / im Ertz⸗
1934 4378 3715 4493 ſtifft Cölln / und zwar in dem Ampt
1934 4460 3716 4603 Brück / wie im 6. Tomo des Theatri Euro-
1935 4592 3716 4713 pæi berichtet wird / gelegen; das aber An. 1647.
1935 4703 3717 4821 im Brachmonat / auſſer einer Stadtpforten /
1936 4810 3717 4928 und einem ſchlechten Hauß / durch Feuer / ſat
1936 4922 3718 5036 dem darinn gelegenen Jungfrauen⸗Kloſter /
1937 5032 3718 5145 dem Stadthauß und Stadtpforten / gantz / ne⸗
1937 5140 3719 5255 ben vielen Menſchen / wie auch groß und klei⸗
1938 5248 3719 5384 nem Vieh / innerhalb 2. oder 3. Stunden / ver⸗
1939 5363 2365 5475 bronnen iſt.
411 5831 1900 5950 In Herren⸗Schloß im Stifft Cölln / das
425 5945 1896 6061 von den Heſſiſchen ſtarck fortificirt wor⸗
260 6050 1907 6209 den. Anno 1646. gieng der Käyſeriſch Ge-
1919 5671 3684 5839 Ine Chur⸗Cöllniſche Stadt im Hertzog⸗
1920 5820 3685 5940 thumb Weſtphalen; davon in der Topo-
1921 5924 3686 6068 graphia Weſtphaliæ, pag. 84. b. Bericht ge⸗
1922 6048 2335 6161 ſchehen.
729 5598 1419 5808 Bredebend.
1969 434 3672 582 neral Zeugmeiſter Sparr darfür; als er aber
1965 544 3668 705 die Gräben zu tieff befunden / wieder hinweg.
2576 722 3023 867 Brilon.
1972 907 3697 1061 In Städtlein im Hertzogthumb Weſt⸗
1971 1044 3696 1175 phalen / Chur⸗Cölln zuſtändig; davon in
1970 1144 3695 1312 der Topographia Weſtphaliæ pag. 75. ge⸗
1969 1260 2545 1407 ſagt worden.
2615 1412 2995 1567 Broel.
299 431 1970 551 Gegen Bonn über / nahend dem Rhein /
286 539 1970 667 und an deſſen rechter Seiten / ligt Villich /
284 661 1969 770 oder Vilica, davon Aubertus Miræus in Fa-
287 770 1969 888 ſtis Belgicis & Burgund, ſchreibet / daß allda
286 887 1968 999 2. Collegia ſeyen / eines der Canonicorum,
281 995 1965 1109 das andere Adelicher Jungfrauen / daſelbſt die
279 1107 1965 1221 heilige Aleidis oder Adelheidis, eine Jung⸗
278 1220 1961 1331 frau / Abbtiſſin geweſen; und daß der heilige
281 1328 1958 1446 Megengoſus, oder Megengaldus / Graff zu
280 1437 1955 1583 Geldern / mit ſeiner Gemahlin / die Kirchen
278 1557 1482 1664 allhie erbauet und begabet habe.
389 1638 1951 1775 So ligt zwiſchen Bonn und Cölln / im
277 1775 1951 1887 Rhein / die Schantz / welche die Staatiſchen /
274 1884 1950 1996 oder confœderirten Niederländer erbauet /
220 1992 1951 2127 und die man / wegen ihrer Form / die Pfaffen⸗
273 2101 1952 2217 Mütz; hernach aber / als die Spaniſche ſol⸗
273 2215 1952 2327 che anno 1622. erobert / und mehrers beveſti⸗
271 2324 1951 2443 get / die Iſabellen⸗ oder S. Stephans⸗
276 2442 1203 2557 Schantz / genannt hat.
