3870 6490
2505 4539 3053 4726 Kempen.
238 2313 1914 2455 In Chur⸗Cöllniſches Städtlein / im Her⸗
239 2425 1913 2554 tzogthumb Weſtphalen davon in der To-
239 2545 1467 2663 pographia Weſtphaliæ, pag. 85.
2107 4051 3630 4193 Uch ein Chur⸗Cöllniſches Städtlein /
1942 4193 3629 4306 aber im Hertzogthumb Weſtphalen gele⸗
1942 4288 3627 4442 gen; davon in der Topographia Weſtphaliæ
1942 4413 3154 4538 pag 85. gehandelt worden.
788 5181 1423 5373 Heinsberg.
403 2863 1921 2998 In Adelich Hauß / 3. Stund von Cölln /
244 2979 1921 3114 und nicht weit von dem Adelichen Hauß
245 3096 1922 3227 Holdorff / gelegen / ſo Anno 1646. von den
247 3202 1921 3330 Heſſiſchen überſtiegen / und hernach / vom
248 3300 1920 3434 Käyſeriſch⸗und Chur⸗Cöllniſchen General
251 3414 1921 3550 Zeugmeiſter Sparren / vergebens angegriffen
261 3517 1923 3650 worden. Aber Görtznich / und Palland /
258 3638 1936 3764 hat der General Melander / in dieſem 46.
250 3741 1937 3889 Jahr / eingenommen; und gieng es / auff bee⸗
265 3851 1937 3966 den Seiten / damaln ernſtlich daher. Dann
266 3955 1938 4084 die Heſſiſchen nahmen / in dem Ertzſtifft
265 4067 1939 4189 Cölln / die zwey ſtarcke Häuſer / Bryenberg /
267 4186 1939 4309 und Conideck / ein / und beſetzten ſolche. Sie
260 4285 1940 4422 plünderten auch das Städtlein Haltern /
266 4403 1941 4528 und Weſeling / zwiſchen Bonn / und Cölln /
264 4513 1941 4631 und beveſtigten Eyßkirchen / Stein am
267 4615 1942 4743 Rhein bey Düſſeldorff / und Brimblings⸗
282 4737 1928 4854 hauſen / ſtarck. Hingegen eroberte der be⸗
281 4846 1937 4966 ſagte General Sparr das Hauß Boyen⸗
272 4956 1927 5099 burg / mit Accord; wie es die Relationes da⸗
274 5069 1156 5186 mahls geben haben.
1946 4711 3706 4877 Tadt und Schloß / im Nidern⸗Stifft /
2169 4860 3704 4989 an den Geldriſch⸗ und Gülchiſchen
1944 4925 3703 5096 Gräntzen / gelegen. Nachdem Anno 1642.
1943 5072 3702 5207 die Frantzoſen / und Weymariſchen / ſat den
1942 5180 3701 5313 Heſſen / das Schloß Oedt / nächſt bey Kem⸗
1941 5300 3700 5424 pen gelegen / vermittelſt beſchieſſens / wie auch
1940 5406 3699 5536 die Stadt Neuß erobert / haben ſie ſich darauff
1940 5520 3698 5650 an die Stadt und Schloß Kempen gemacht /
1939 5629 3697 5753 und ſeyn den 20. und 30. Januarii / Nachmit⸗
1938 5743 3697 5861 tags / zwiſchen zwey und drey Uhrn darvor
1937 5852 3696 5974 kommen / dem Ort mit Schieſſen / und Feuer⸗
1936 5960 3695 6083 ballen einwerffen alſo geängſtet / daß / ohnan⸗
1934 6075 3694 6222 geſehen / ſich die Belägerten etliche Tag
1938 424 3622 546 pho zu Ehren / geweihet hat. Sonſten iſt ein
1938 531 3028 658 Heinsberg im Gülcher Land.
436 5396 1921 5512 In Städtlein / im Cöllniſchen / wie be⸗
432 5510 1918 5621 richtet wird / allda / wie auch im Städtlein
237 5617 1917 5732 Raden vorm Wald / als Gelenius in ſeinem
237 5725 1915 5846 Werck von der Stadt Cölln / pag. 688. berich⸗
284 5833 1913 5960 tet / und dann zu Bonn / der Ertzbiſchoff Phi-
229 5943 1909 6071 lippus von Heinsberg / ſo Anno 1191. geſtor⸗
276 6048 1912 6198 ben / die Kirchen / dem H. Märtyrer Gangul-
436 629 1915 770 In Chur⸗Cöllniſches Schloß / auff ei⸗
449 753 1913 879 nem hohen Berg / und ein Meil wegs von
279 859 1910 988 Bonn / gelegen; davon im Text / pag. 49. b.
280 975 1912 1096 Der Ertzbiſchoff Antonius von Cölln / ein ge⸗
275 1081 1912 1207 borner Graff von Schauenburg / iſt in dieſem
278 1205 1407 1322 Schloß Anno 1558. geſtorben.
771 424 1425 631 Godesberg.
2108 873 3624 986 In Chur⸗Cöllniſches Städtlein / und
2117 984 3623 1093 Schloß / im Hertzogthumb Weſtphalen;
1963 1096 3622 1211 davon die Topographia Weſtphaliæ, pag.
1942 1215 2389 1334 85. zu ſehen.
461 1526 1908 1658 Ieſen Ort ſetzet Trithemius für ein Cöll⸗
459 1637 1911 1765 niſches Städtlein und Schloß; vielleicht
270 1757 1931 1880 iſt es Gredenaw / zo zwiſchen Nimmagen und
280 1860 1923 2004 Bonn / auff ſelbiger Seiten / und Ufer deß
259 1989 848 2108 Rheins gelegen.
2500 679 3076 846 Herſtberg.
2486 1352 3115 1519 Hulckrade.
805 1361 1411 1533 Gutenaw.
2494 3892 3124 4056 Kaldehart.
766 2133 1430 2299 Hallenberg.
1928 1518 3738 1657 ülckeradt / Hülckenraidt bey dem Fluß Er⸗
1929 1647 3738 1763 pe / und nicht ſonders weit von Neuß gele⸗
1929 1755 3738 1879 gen. Iſt mit breiten / und tieffen Gräben
1929 1869 3738 1982 umbgeben / darvor die Weymariſch⸗Unter⸗
1929 1978 3739 2099 Heſſiſchen / im Jahr 1642. acht Tage zuge⸗
1930 2086 3739 2206 bracht / und es vermittelſt fünfftägigen Be⸗
1930 2198 3739 2321 ſchieſſens / auff Gnad und Ungnad / ſich zu er⸗
1930 2307 3739 2436 geben bezwungen; wie dann ſolcher Ort den
1930 2421 3740 2542 13. und 23. Hornung übergangen; darzu die
1931 2535 3740 2649 darinn gelegene Soldaten geholffen / und ihre
1931 2645 3740 2761 Vorgeſetzte zum Ergeben genöhtiget: So
1931 2741 3740 2869 hernach / und zwar noch in dieſem Jahr / auff
1931 2867 3741 2980 Gnad und Ungnad / von den Käyſer⸗ und
1932 2972 3741 3091 Bayriſchen wieder erobert worden: Wie da⸗
1932 3087 3741 3201 von in dem tomo 4. Theatri Europæi Me-
1932 3197 3741 3307 riani fol. 847. a. 850. b. und 854. a. zu leſen.
1932 3302 3742 3424 Es wird beym Städtlein / ſonders zweiffels /
1933 3417 3742 3530 ein Schloß haben; weil in der Franckfurti⸗
1933 3523 3742 3646 ſchen Frühlings⸗Relation ſelbigen Jahrs /
1933 3630 3742 3776 Hülckradt / ein überauß veſtes Caſtell ge⸗
1933 3751 2488 3841 nannt wird.
646 2678 1537 2873 Hammersbach.
