3870 6490
437 1653 1899 1775 Tadt / Schloß / und Zoll / zwiſchen Du⸗
447 1772 1895 1888 ysburg / und Düſſeldorff / am Rhein ge⸗
218 1884 1915 2004 legen / davon man nicht weit in das Hertzog⸗
246 1986 1889 2111 thumb Cleve hat. Bey Regierung deß zwölff⸗
244 2098 1893 2210 ten Biſchoffs zu Cölln / deß Giſonis, der im
219 2207 1891 2330 Jahr 699. erwehlet worden / hat der Engellän⸗
237 2315 1890 2428 der Svvibertus, in der Inſul Werda / da iſt /
244 2427 1881 2545 Keyſerswerd / ein Collegium erbauet / wie P.
243 2539 1875 2652 Bertius, lib. 3. Rer. Germ. p. 504. b. ſchreibet.
240 2652 1884 2758 Aubertus Miræus ſagt in Faſtis Belgicis pag.
208 2754 1907 2875 121. daß S. Suitbertus allhie zu Werd ein Clo⸗
243 2869 1908 2994 ſter erbauet habe / ſo jetzt ein Collegium Cano-
237 2975 1890 3090 nicorum, der auch / als er Anno 717. geſtor⸗
236 3082 1888 3198 ben in ſolchem Kloſter begraben worden ſey.
234 3192 1894 3319 Es iſt dieſes Werd / ſo von den Zeiten Käyſers
186 3311 1895 3418 Friderici I. an / Keyſerswerd insgemein ge⸗
235 3411 1893 3536 nannt wird / offt vom Stifft Cölln / und wie⸗
232 3530 1102 3649 der an daſſelbe kommen.
708 1477 1467 1631 Keyſerswerd.
418 3852 1895 3983 Om Trithemio im Leben Churfürſt
410 3966 1887 4084 Friderichs deß Sieghafften / Pfaltzgraf⸗
234 4079 1889 4208 fens / Lechnech genannt / ligt in dem Obern⸗
239 4188 1887 4309 Stifft Cölln / nahend Lumerſum / Cochen⸗
232 4296 1889 4426 heim / und Euskirchen / ein Städtlein / und ve⸗
234 4404 1892 4537 ſtes Schloß / die Churfürſtlich⸗Cöllniſche
233 4516 1889 4645 Jaghunde pflegen allhie gehalten zu werden;
227 4625 1886 4757 daher es die Weymariſchen / oder Frantzoſen /
232 4738 1887 4864 als ſie dieſen Ort Anno 1642. umb den 18.
235 4851 1889 4976 Aprilis / zu belägern anfiengen / einen Hunds⸗
224 4958 1885 5086 ſtall nenneten; der ihnen aber genug zu ſchaffen
227 5064 1885 5194 geben hat: Inmaſſen man viel Volck / Muni⸗
225 5176 1884 5299 tion / Reputation / darvor auffgeſetzet; daher
226 5289 1882 5408 die Dörffer / und das Städtlein ſelbſten / als
235 5400 1883 5525 man es endlich erobert / ſolches entgelten müſ⸗
221 5513 1884 5630 ſen / die man angeſteckt / und verbrannt hat:
202 5620 1880 5741 wurden auch die Thor / und was noch übrig ge⸗
219 5738 1876 5849 weſen / beym Abzug / zerſprengt / und ruinirt.
225 5845 1881 5968 Dann man dem Schloß nichts anhaben mö⸗
213 5951 1881 6076 gen / ohnangeſehen / ſolches mit keinen Wäl⸗
218 6064 1884 6202 len verſehen: Sondern von auſſen herumb nur
799 3674 1353 3834 Lechenich.
1943 440 3597 557 mit zweyen / und innwendig mit einem Graben
1942 545 3593 659 umbfloſſen: Die aber umb ſo viel deſto tieffer /
1939 656 3592 778 und nicht / wie man vermeynt gehabt / außzu⸗
1937 762 3592 882 füllen geweſen. Der Abzug iſt den 17. und
1935 876 3594 993 27. May beſchehen. Anno 1641. war allhie
1934 981 3605 1104 Chur⸗Cöllniſcher Amptmann / Herr Adolff
1933 1091 3582 1213 Wolff / genannt Metternich / Freyherr. Die⸗
1933 1211 3588 1330 ſes Lechenich wird von theils / Lateiniſch / Le-
1951 1327 3592 1435 gioniacum, und Leggenicenſis Arx, genat;
1951 1432 3599 1543 nicht weit davon ligt das ſehr alte Dorff
1931 1537 3587 1648 Gümnich / oder vielmehr 2. Flecken und
1951 1645 3591 1759 Pfarren / Ober⸗ und Nieder⸗Gymnich / deſſen
1945 1758 3590 1870 niedrigen Dorffs Herrſchafft noch dem Hauß
1945 1870 3591 1979 von Gymnich gehörig iſt; deme auch vor Jah⸗
1945 1979 3591 2088 ren Kerpen zuſtändig geweſen. In der Früh⸗
1948 2093 3588 2201 lings⸗Relation 1673. pag. 26. ſtehet / daß die
1945 2197 3586 2308 Käyſerliche / im jetzigen Krieg / die mit den
1945 2309 3584 2416 Frantzoſen in die 450. ſtarck verwahrten
1940 2411 3580 2529 Schlöſſer oder Caſtele / Lechenich und Ker⸗
1937 2527 3578 2630 pen / am 21. und 22. Novembr. mit Accord
1935 2634 3583 2739 eingenommen und beſetzt. Die in bemeldten
1939 2742 3583 2855 beyden Orten gelegene Frantzoſen ſeyen vom
1922 2848 3580 2963 Obr. Lieut. Münſter / mit guter Ordre und
1921 2962 3583 3071 tractament, wofür ſie ſich auch höchlich be⸗
1941 3066 3357 3178 danckt / nach Neuß begleitet worden.
2082 3396 3585 3510 M Rhein / unterhalb Hammerſtein / zwi⸗
1923 3503 3585 3627 ſchen Argenuels / und Unckel (welche
1922 3621 3584 3733 beyde Ort man auch für Cöllniſche Städtlein /
1941 3728 3581 3841 oder wenigſt Marcktflecken / hält) gelegen.
1942 3842 3582 3953 Es iſt Lintz ein feines Chur⸗Cöllniſches
1943 3951 3584 4062 Städtlein / und Schloß / zwiſchen dem Ge⸗
1927 4063 3586 4172 birg / und gegen Sintzing über / gelegen / da⸗
1938 4172 3575 4281 ſelbſt ein groſſer Abſtand von denen / ſo den
1919 4283 3582 4393 Rhein hinauff ziehen / geſchicht / und es dero⸗
1919 4384 3580 4501 wegen ein nahrhaffter Ort iſt. Der Schwe⸗
1935 4499 3582 4609 diſche General Baudiſſin / hat Anno 1632. im
1918 4613 3579 4728 Herbſt / dieſes Lintz / mit Accord / wie auch dar⸗
1917 4722 3581 4830 auff Blanckenburg / Windeck / und andere
1917 4830 3580 4940 Ort / erobert / und gegen über eine ſtarcke
1915 4940 3579 5059 Schantz verfertiget. Es hat allda einen Zoll /
1916 5049 3577 5163 wie obgedachter Trithemius ſchreibet. In der
1915 5160 3575 5274 Limpurgiſchen Chronick ſtehet am 22. Blat /
1915 5272 3575 5389 daß im Jahr 1366. Lintz auff dem Rhein ge⸗
1915 5377 3576 5493 wonnen / erſtiegen / und gar / biß auff ſein
1929 5491 3566 5603 Grund / geplündert worden. Und am 49.
1935 5600 3571 5713 Blat / daß Lintz Anno 1391. von eigenem Feur /
1934 5713 3575 5832 biß auff ein Drittheil der Stadt / erbronnen
1934 5820 3573 5935 ſeye. Anno 1475. in dem Cöllniſchen Krieg /
1933 5931 3569 6051 hatte Hertzog Carl von Burgund / als deß ab⸗
1929 6038 3573 6180 geſetzten Biſchoffs Ruperti zu Cölln / Helf⸗
2616 3209 2904 3378 Lintz.
262 435 1918 556 wacker gewehret / die Stadt endlich den 7. Fe-
265 550 1919 664 bruarii, und das Schloß ungefehr den 14. diß /
257 661 1919 781 hernach / mit Accord / der auff Diſcretion auß⸗
254 774 1933 887 gangen / auch ergeben; darumb ſich ſelbige
254 891 1937 996 Soldaten / zwiſchen drey und vierhundert
256 995 1936 1108 ſtarck unterſtellen müſſen: und iſt in dieſem
250 1102 1935 1221 Ort viel mehrer Vorrath / als in Neuß / gefun⸗
243 1217 1933 1353 den worden. Beſihe Tom. 4. Theatri Eu-
253 1332 1240 1444 rop. Meriani fol. 844. ſeq.
