3870 6490
1955 2391 3609 2505 26. St. Berncaſtell / und St. Boppart. 44
1955 2501 2778 2609 27. St. Coblentz. 46.
1958 2941 3352 3058 30. St. Engers / und St. Erpel. 50.
1958 3053 3447 3169 31. St. Limpurg / und St. Münſter. 51.
1960 3162 3263 3279 32. St. Palentz / und St. Zell. 56.
1964 3272 3690 3417 33. St. Beylſtein / und St. Welmenach.
1963 3408 2311 3485 57.
1964 3474 3563 3617 34. St. Sarburg / und St. Oberweſel. 58.
343 679 759 805 Albach 4. a.
342 756 1565 919 Zell an der Moſel 41. a. 59. b.
224 918 705 1033 Zelting 79. b.
3551 2728 3680 2870 48
3520 2165 3636 2282 29
1977 2046 3277 2169 24. Landtafel deß Ertzbiſtthumbs
2228 2169 2448 2256 Trier
1970 2279 2558 2383 25. St. Trier.
1857 2190 1934 2312 4
1936 430 2730 563 Zinſich. S. Sintzig.
1934 546 2541 670 Zous 81. b. 93. b.
1948 640 3641 782 Zulch / Zulich / Zulpich / Tulpetum, 67. b. 81.
2046 772 2727 885 b. 83. a. 88. b. 94. a.
1940 883 2755 998 Züſchen / Stadt 25. b.
239 1725 1911 1851 1. Landtafel deß Ertzbiſtthumbs Meyntz /
447 1841 1907 1967 und deß Obern Fürſtenthumbs Heſſen /
453 1993 669 2075 pag. 3.
245 2067 1330 2187 2. Stadt Meyntz / in Grund
198 2161 1749 2302 3. - - - - in proſpect 2. Bogen
173 2294 1783 2407 4. - - - klein / gegen Orient und
821 2404 1417 2507 Occident.
1983 3827 3732 3944 37. St. Andernach / und Schloß Hammer⸗
2217 3938 2541 4036 ſtein. 82.
2008 4049 2763 4156 38. St. Bonn. 83.
1995 4133 3708 4280 39. St. Broel / Schloß Godesberg / Schloß
2109 4268 3612 4389 Hülckeraid / und St. Keyſerswerd. 85.
1983 4380 3406 4512 40. St. Lintz / und St. Lechenich. 87.
1983 4486 2684 4597 41. St. Neuß 89.
1989 4601 3756 4723 42. St. Ordingen / und Schloß Drachen⸗
1989 4716 2522 4814 fels. 91.
1994 4809 3758 4946 43. St. Rheinberg / St. Zous / und Stadt
2199 4934 2627 5037 Unckel. 92.
3573 3664 3697 3775 60
1864 2619 1942 2753 5
1971 3602 3466 3720 35. Landtafel deß Ertzbiſtthumbs Cöln.
1971 3714 2574 3819 36. St. Cöln.
258 3072 1258 3175 9. Stadt Amöneburg.
269 3173 1760 3281 10. St. Amorbach / und St. Ohmen⸗
481 3297 680 3392 burg.
1502 5238 2573 5499 ENDE.
245 2500 1373 2632 5. Der Eichelſtein daſelbſten.
250 2621 1595 2741 6. Die Antiquitäten in der Jacobs⸗
464 2740 1179 2847 Schantz daſelbſten.
255 2850 938 2960 7. Guſtavsburg.
264 2956 1446 3074 8. Die Antiquitäten daſelbſten.
1954 1688 3660 1831 22. St. Miltenberg / und St. Seligenſtadt
2169 1849 2293 1943 25
1956 1942 3408 2065 23. St. Numburg / und St. Urſel. 27
1840 3163 1946 3300 13
1638 2873 1740 3016 8
1832 3575 1962 3727 14
231 1216 3652 1422 Verzeichnüß der jenigen Kupfferſtück / welche zu Beſchreibung
312 1382 3523 1551 der drey Ertzbiſtthumb und Churfürſtenthumb / Meyntz / Trier / Cöln / gehörig /
1070 1500 2844 1638 und wohin jedes eingebunden werden ſoll.
983 503 1115 647 Z.
267 3386 1567 3500 11. St. Aſchaffenburg / in Grund.
266 3499 1735 3617 12. - - - in proſpect, und St. Stein⸗
753 3623 955 3725 heim.
284 3721 1737 3838 13. Das Churfürſtl. Reſidenz⸗Schloß
465 3830 1685 3948 Johannsburg zu Aſchaffenburg.
1976 2605 3455 2721 28. Veſtung Hermanſtein / in Grund.
1968 2716 3454 2836 29. Veſtung Ehrenbreitſtein / und St.
1960 2828 2597 2955 Kochheim.
258 3950 1865 4045 14. St. Bingen / und St. Duderstadt. 16
251 4052 1660 4146 15. St. Elfeld / und Kl. Erbach. 17.
248 4156 1946 4255 16. Der Mäußthurn zu Bingen / und St.
437 4264 1098 4373 Rüdesheim. 18
281 4387 1093 4479 17. St. Fritzlar. 19.
281 4491 1325 4600 18. St. Heiligenstadt. 20.
248 4607 1979 4722 19. Schloß Rüſtenberg / und St. Höchst. 22
286 4706 1981 4824 20. St. Hoffheim / und St. Klingenberg.
470 4814 598 4939 23
199 4935 1887 5062 21. St. Königſtein / und St. Lanſtein. 24.
