3870 6490
1892 418 3728 571 die Guſtavsburg gewendet worden; Die
1892 554 3727 677 Domherren aber ihrer Einkommen genieſſen /
1891 669 3727 782 und ihren Gottesdienſt in der Prediger Kir⸗
1891 779 3726 899 chen verrichten. 2. S. Peters auſſer der Stadt /
1890 891 3726 1011 ſo jetzt mehrertheils beſchloſſen. 3. S. Ste⸗
1890 992 3725 1117 phans. 4. S. Victors / daſelbſt nur etliche bloſ⸗
1889 1107 3725 1233 ſe Mauren / und etwas uͤberbliebenes von der
1889 1219 3724 1342 Kirchen / die Domherrn haben ihre Verrich⸗
1888 1335 3724 1456 tung in S. Johanns Kirchen. 5. Zum heili⸗
1888 1446 3723 1564 gen Creutz / welche Kirche auch von Marg⸗
1887 1558 3723 1675 graff Albrechten zu Brandenburg Schaden
1887 1668 3722 1788 gelidten hat. 6. Unſer Frauen zu den Staf⸗
1886 1776 3722 1906 feln. 7. S. Moritzen. 8. S. Johannis / in
1886 1890 3721 2013 welcher Kirch deß H. Bonifacii Eingeweyd
1885 1998 3721 2118 begraben worden: Und dann 9. S. Gangol⸗
1885 2109 3720 2238 phi / ſo / mit einem neuen Namen / die Schloß⸗
1884 2221 3720 2350 Kirche genannt wird. Ferners hat es da 7.
1884 2323 3719 2457 Pfarrkirchen: Als 1. S. Ignatii, ſo vorzeiten
1883 2442 3719 2568 der Tempelherren geweſen / mit zween Thuͤr⸗
1883 2553 3718 2680 nen / biß zu hoͤchſt hinauff von Quaderſteinen
1882 2663 3718 2788 anſehenlichen erbauet. 2. S. Quintini, davon
1882 2774 3717 2902 man ſchier die gantze Stadt uͦberſehen kan / und
1881 2881 3717 3034 darinn der Juͤngling Caudius de Roſieres,
1881 2993 2986 3106 mit dieſer Grabſchrifft / ligt:
1880 3079 3716 3255 Corporis atque animi Roſa eram; ſtirps
2393 3246 2970 3330 una parentum:
1938 3283 3715 3479 Clauſus in hoc tumulo, ſum cinis, oſſa,
2387 3437 2593 3519 nihil.
1879 3510 3714 3688 3. S. Chriſtophori. 4. S. Heimerammi. 5.
1878 3661 3713 3791 S. Mariæ, ins gemein Undenmoͤnſter / ein al⸗
1878 3766 3713 3891 tes Kirchlein. 6. S. Pauli, auch ein gar altes
1877 3873 3713 4012 Kirchlein / von S. Bilhilde erbauet. 7. S.
1877 3979 3712 4147 Nicolai, auſſer der Stadt / nahend S. Alban /
1876 4095 3429 4222 darzu die Vorſtaͤdter Filtzbacher gehoͤrig.
1876 4203 3711 4342 Der Mannskloͤſter ſeyn vorhin zehen ge⸗
1875 4318 3711 4453 weſen: Als 1. S. Jacobs der Benedictiner /
1875 4426 3710 4569 bey der Stadtmauren auff dem Berg. 2. Der
1874 4528 3710 4673 Prediger. 3. Der Carmeliten. 4. Der Au⸗
1874 4651 3709 4788 guſtinianer. 5. Der Cartheuſer vor der
1873 4755 3709 4888 Stadt. 6. S. Wilhelms / bey dem Thor die⸗
1873 4863 3708 5011 ſes Namens. 7. Antonii, ſo abgangen. 8.
1872 4964 3708 5120 S. Eliſabeth / bey S. Martins Schloß / da
1872 5089 3707 5230 vorzeiten das Teutſche Hauß geweſen. 9. Zum
1871 5189 3707 5342 H. Grab / ſo einen hohen viereckichten Thurn
1871 5306 3706 5450 hat / und das Hauß deß Ordens S. Johannis
1870 5417 3706 5603 von Jeruſalem iſt. 10. S. Bernhardi, ſo auch
1870 5525 2369 5652 nicht mehr.
1869 5627 3705 5786 Der Frauen Kloͤſter ſeyn acht: Als 1. Al⸗
1869 5747 3704 5896 tenzell / ſo umbs Jahr Chriſti 635. S. Bihildis,
1869 5858 3704 6007 ein Kloſter⸗Frau allhie / auß Fuͤrſtlichen
1868 5959 3703 6111 Stammen / erbauet hat. 2. Marien / im Gna⸗
1867 6080 3703 6220 den⸗oder Heiligen⸗Thal / oder Dalheim / Ci⸗
195 430 1980 570 rers: Item / in der Sacriſtey der Domkirchen
196 554 1980 680 einen Theil von dem Schweißtuch deß HEr⸗
196 670 1981 791 ren / in einem gar ſchweren / und ſauber gearbei⸗
197 779 1981 896 ten viereckichten ſilbern Futter: Item / von den
197 888 1982 1013 Meſſern / damit S. Bartholomaͤus geſchun⸗
198 998 1982 1115 den / eines: Und von den Steinen / damit S.
198 1115 1983 1233 Stephanus geſteiniget worden / auch einen /
199 1226 1983 1343 und ſonſten anders mehrers. Ob aber ſolches
199 1331 1984 1455 alles verhanden / davon haben wir keinen Be⸗
200 1443 1984 1565 richt. Beſagter Dom / oder Ertzbiſchoffli⸗
200 1556 1985 1679 che Hauptkirch / wird zu S. Martin genannt /
201 1670 1985 1789 in welcher vieler Ertzbiſchoͤffe Begraͤbnuͦſſen /
201 1778 1986 1898 auff deren einer / nemlich deß Cardinals Alber⸗
202 1888 1986 2013 ti / auffs wenigſte dreymal ſtehet: Alle hernach.
202 1996 1987 2127 Item / ſo ſeyn da der Domherren Graͤber zu ſe⸗
203 2110 1987 2227 hen. Der Haupt⸗Altar iſt alſo gebauet / daß
203 2218 1988 2339 der Prieſter ſein Geſicht gegen den Geiſtli⸗
204 2329 1988 2451 chen / und dem andern Volck / allezeit wendet /
204 2437 1989 2560 und wann er ſagt: Dominus Vobiſcum, ſich
205 2553 1989 2669 umbzuwenden nicht vonnoͤhten hat: Iſt mit
205 2659 1990 2780 eiſern Gittern umbgeben: Wie hievon / und
206 2772 1990 2890 was in dieſer Kirchen zu ſehen / Serarius am
206 2881 1991 2999 109. Blat zuleſen. Und ſolcher Dom hat vor⸗
207 2991 1991 3109 zeiten / ehe derſelbe hinweg kommen / einen groſ⸗
207 3100 1992 3218 ſen Schatz / und herrliche Zierden gehabt / ſo
208 3211 1992 3326 von den Hunniſchen / durch Kaͤyſer Carln
208 3320 1992 3432 den Groſſen / eroberten Schaͤtzen / herkommen
208 3430 1993 3544 ſeyn ſolle. Und ſchreibt man von einem groſ⸗
209 3542 1993 3651 ſen guͤldenen Creutz / ſo allein ſechshundert
209 3645 1994 3769 Pfund / oder zwoͤlffhundert Marck Goldes
210 3756 1994 3873 gewogen haben ſolle. Bruſchius ſagt: Daß
210 3871 1995 3986 der guͤldene Seſſel / mit vielen koͤſtlichen Edel⸗
211 3983 1995 4097 geſteinen / welchen der Koͤnig Johannes auß
211 4084 1996 4206 Boͤheim dem Ertzbiſchoff allhie / ſo ihn ge⸗
212 4193 1996 4315 kroͤnt / geſchenckt / und den die gemeinen Leut
212 4297 1997 4425 S. Martins Seſſel genannt / noch zu ſeiner
213 4411 1997 4535 Zeit verhanden geweſen / den aber beſagter Se-
213 4530 1998 4644 rarius nicht geſehen / wie er lib. 5. p. 850. col. 11.
214 4629 1998 4752 bekennet. Es hat allda 42. Domherren / dar⸗
214 4744 1999 4864 unter 24. mit dem Probſten / den innern Rath /
215 4852 1999 4974 oder Capitul / machen / auß denen / ordentlicher /
215 4949 2000 5084 Weiſe / der Ertzbiſchoff pflegt erwehlt zu wer⸗
216 5071 2000 5196 den / und darunter die drey Fuͤrnembſte / als
216 5175 2001 5305 der Probſt / Dechant / und Cantor, Infeln tra⸗
217 5289 2001 5415 gen. Und dieſe in dem Domſtifft wird die
217 5399 2002 5527 fuͤrnembſte / und hohe Geiſtlichkeit / genennet.
218 5510 2002 5637 Die andere und geringere Cleriſey beſtehet in
218 5612 2003 5744 S. Jacobs Abbtey / und andern Stifftern /
218 5728 2003 5857 deren fuͤnff Hohe / und vier Nidere ſeyn: Als
219 5833 2004 5968 1. zu S. Alban / deſſen verbrandter Kirchen
219 5931 2004 6083 Waͤnde nur noch uͤbrig: Und an. 1632. durch
220 6051 2005 6222 die Schweden abgebrochen / und die Stein an
